1728 3120
370 176 458 239 ςω
565 173 1426 226 ANNOTATIONES

366 278 467 320 3033
489 266 558 307 ubi
587 266 791 322 ἀνθρωπίνῳ
818 280 1041 322 perperam:
1063 267 1118 307 ibi
1148 278 1276 308 tamen
1303 267 1515 322 πράσσουσι
1537 280 1628 310 cum

362 319 516 360 nostris.
533 319 650 362 Conf.
672 320 911 376 Aeschylum
925 321 1067 376 Agam.
1096 336 1219 376 1430,
1238 322 1279 363 δι
1292 322 1511 377 Euripidem
1528 325 1630 364 Hec.

365 374 456 413 226.
484 376 629 415 WAss.

416 429 492 467 ead.
519 428 544 467 l.
569 442 629 468 11.
651 429 707 470 Mis
736 428 940 471 καταλύειν
965 426 1093 483 ὖμᾶς)
1118 429 1316 483 Scriptura
1341 429 1440 470 Cod.
1459 429 1562 470 Caff.
1584 426 1630 469 ὕ-

361 479 442 531 μοῖς
467 481 603 523 melius
621 483 774 522 videtur
790 483 1000 524 convenire
1022 483 1248 524 sententiae:
1271 496 1360 523 nam
1385 483 1493 524 Melii
1510 484 1556 524 de
1576 496 1630 525 eo

364 545 511 587 agunt,
529 537 638 589 quod
657 536 954 578 Atheniensibus
975 537 1069 577 utile
1096 537 1271 578 futurum
1294 538 1351 577 sit.
1372 537 1422 578 Et
1436 537 1488 578 fic
1512 539 1629 578 etiam

363 588 494 629 Schol.
515 588 614 629 Cass.
639 592 828 642 νομίζομεν
853 586 938 644 ὑμῖν
969 588 1184 644 amoeniam,
1209 604 1290 632 non
1321 589 1419 641 ἦμῖν.
1442 594 1490 631 Tb
1515 595 1630 632 κοινὸν

365 641 516 697 ἀγαθον
539 644 638 683 idem
663 644 933 698 iuterpretatur
960 643 1026 685 τὴν
1049 643 1256 698 ἐλευθερίαν.
1286 640 1384 686 Εἶναι
1415 647 1470 684 τὰ
1497 645 1630 686 eitam

364 695 490 749 potest
509 697 583 739 effe
602 697 755 737 obvenire
767 728 782 745 ,
806 698 972 750 obtingere
989 713 1118 751 aequa:
1138 710 1181 738 ut
1198 699 1327 739 dicant
1343 699 1454 740 Melii
1464 729 1480 746 ,
1499 697 1538 739 se
1556 713 1631 752 pu-

365 760 449 790 tare
473 751 566 791 utile
584 749 758 791 futurum
780 751 856 792 effe
874 751 1191 801 Atheniensibus,
1210 765 1303 798 eos,
1344 754 1387 793 ui
1410 754 1451 793 in
1501 753 1630 793 ericu-

364 803 407 843 lo
431 802 543 852 sunt,
566 805 615 844 ab
637 806 683 845 iis
700 804 875 860 adipisci,
896 805 1007 860 quod
1029 818 1196 859 aequum
1218 806 1260 847 &
1278 807 1318 846 iu
1381 821 1417 847 m
1433 820 1456 847 e
1489 838 1499 846 .
1517 807 1630 847 Thu·

364 858 496 910 cydid.
515 857 598 905 ΙΠ,
626 853 824 913 39:⁶0wv
841 862 860 900 ii
881 858 1154 913 κατορθώσαντι
1178 860 1408 914 ἐλευθέρωσις
1428 855 1471 914 ἶ,
1490 862 1517 902 ii·
1529 875 1628 911 σφα.-

363 913 466 952 λέντι
482 912 603 963 μηδὲν
626 913 759 954 παθεῖν
783 910 994 955 ἀνήκεστον.
1394 960 1399 964 ,

419 969 492 1006 ead.
520 967 544 1006 l.
573 981 589 1006 1
623 996 633 1006 .
656 967 728 1007 Καὶ
751 982 789 1007 τι
814 967 880 1007 καὶ
903 967 1009 1008 ἐκτὸς
1031 965 1099 1008 τοῦ
1126 965 1304 1022 ἀκριβοῦς
1324 966 1510 1009 niem&
1537 983 1629 1009 ‘tam

363 981 616 1075 ὦφεληθιῖνοιις
638 1021 796 1062 Horum
818 1021 1029 1061 verborum
1052 1021 1170 1068 haec,
1193 1022 1233 1061 ni
1257 1021 1396 1071 fallor,
1410 1021 1464 1062 est
1479 1021 1630 1063 senten-

364 1074 439 1114 tia:
467 1074 535 1124 iis,
556 1075 625 1129 qui
651 1074 690 1114 in
715 1076 890 1129 periculo
916 1074 1142 1122 versantur,
1167 1075 1307 1116 debere
1336 1075 1509 1137 prodesse
1532 1090 1630 1130 qua-

363 1127 596 1183 lemcunque
618 1129 839 1170 orationem
858 1129 904 1169 ad
926 1129 1182 1183 persuadenda
1203 1130 1510 1184 potentioribus,
1527 1144 1629 1184 quae

363 1185 552 1232 cupiunt;
579 1182 723 1224 etiamsi
754 1183 802 1224 ab
826 1196 873 1224 ea
899 1182 995 1223 absit
1021 1182 1252 1224 exaiiiffima
1281 1183 1477 1236 ἀκρίβεια,
1500 1197 1629 1238 neque

365 1236 639 1277 accuratiflime
662 1238 767 1292 apud
783 1250 853 1278 eos
871 1237 910 1278 se
927 1236 1149 1286 defendere,
1169 1237 1287 1290 iisque
1303 1250 1469 1294 purgare
1483 1237 1521 1278 se
1542 1238 1630 1292 pos-

364 1289 451 1330 fint.
477 1292 619 1332 Utrum
641 1301 769 1332 autem
782 1321 796 1338 ,
817 1291 886 1345 qui
911 1291 1129 1332 huiusmodi
1154 1293 1332 1332 oratione
1350 1301 1516 1332 utuntur
1529 1322 1544 1339 ,
1565 1306 1628 1334 re—

363 1343 463 1385 &ius
481 1346 657 1386 dicantur
680 1345 789 1386 ἐκτὸς
799 1375 815 1392 ,
836 1358 886 1384 an
913 1345 1014 1386 ἐντος
1038 1345 1104 1385 τοῦ
1120 1344 1291 1398 ἀκριβοῦς
1309 1346 1440 1387 conari
1466 1347 1629 1396 πείθειν,

362 1411 446 1438 non
462 1398 548 1439 satis
571 1399 802 1440 constituere
825 1397 998 1453 possum,
1017 1400 1058 1439 &
1080 1398 1245 1440 fortaffis
1268 1410 1478 1453 utrumque
1498 1400 1628 1440 defen-

362 1452 403 1492 di
420 1463 550 1506 queat.
566 1453 689 1495 Ἐντὸς
715 1454 806 1507 legit
831 1454 945 1493 etiam
971 1453 1113 1501 Valla,
1142 1454 1186 1494 &
1212 1453 1354 1495 habent
1381 1466 1516 1495 omnes
1541 1454 1628 1495 libri

359 1505 493 1560 ‘scripti
517 1508 558 1549 δι
581 1508 671 1548 editi
692 1514 781 1547 ante
802 1507 1051 1562 Stephanum.
1329 1549 1332 1552 ,

416 1561 510 1614 Pag.
540 1576 630 1616 339.
647 1562 671 1602 l.
699 1561 737 1603 8.
759 1561 862 1600 Ἀλλ’
890 1562 928 1603 ἢν
955 1561 988 1601 οἱ
1016 1557 1196 1616 ὑπήκοοι)
1219 1561 1328 1602 Porti
1350 1561 1487 1602 Latina
1508 1562 1628 1603 inter-

359 1616 530 1669 pretatio
555 1616 699 1656 horum
732 1615 951 1656 verborum
976 1615 1127 1656 aberrat
1151 1629 1175 1656 a
1202 1627 1331 1656 mente
1357 1616 1629 1669 Thucydidis,

359 1682 480 1723 quam
506 1669 609 1710 re&e
628 1679 884 1725 perceperunt
906 1669 1120 1725 Stephanus
1143 1671 1186 1711 &
1205 1670 1397 1718 Aeacius,
1418 1683 1647 1726 praeeunte-

359 1723 476 1764 etiam
497 1724 720 1765 Scholiaste.

414 1781 490 1818 ead.
516 1779 541 1818 l.
568 1793 628 1818 12.
649 1777 843 1833 morbum)
865 1777 1053 1828 Aeacius,
1072 1781 1148 1831 fine
1176 1792 1301 1832 magno
1320 1780 1444 1820 labore.
1468 1778 1628 1834 Stepha-

359 1843 464 1880 nus,
483 1832 586 1881 citra,
604 1832 714 1872 ullam
735 1833 936 1887 molestiam,
962 1833 997 1872 id
1023 1831 1098 1881 est,
1123 1833 1212 1873 nihil
1241 1833 1338 1873 nohis
1353 1833 1476 1888 fitceffi'
1499 1834 1626 1886 negotii

357 1887 448 1927 circa
471 1887 662 1941 imperium,
683 1890 776 1941 quod
791 1888 827 1927 in
852 1903 916 1927 vos
939 1887 1132 1928 obtinemus.
1159 1884 1301 1928 Portus
1327 1888 1476 1929 ἀπόνως
1505 1887 1623 1928 refert

357 1940 406 1980 ad
428 1941 596 1988 Melios,
621 1941 686 1980 cui
708 1954 790 1981 non
816 1939 1008 1981 assentior.

411 1994 504 2047 Pag.
525 2008 614 2049 340.
639 1995 665 2034 l.
690 1994 727 2035 6.
743 1991 889 2048 Ὥστε)
910 1994 950 2035 Si
974 1991 1076 2034 ὥστε
1097 1995 1261 2048 accipias
1283 2007 1357 2049 pro
1376 1994 1512 2049 itaque,
1533 2008 1625 2036 cum

355 2047 563 2103 interprete
579 2047 766 2100 Dionysii
778 2049 905 2089 Halic.
924 2061 1005 2088 non
1026 2062 1128 2102 opus
1142 2049 1214 2089 erit
1231 2048 1505 2102 supplementis
1525 2050 1598 2090 illis
1610 2079 1623 2098 ,

356 2115 459 2156 quae
480 2103 560 2144 huc
581 2101 842 2143 inferciuntur.
861 2103 944 2143 Nec
961 2103 1126 2143 omnino
1139 2103 1388 2143 neceffarium
1407 2102 1461 2143 est
1483 2103 1530 2142 ad
1548 2106 1629 2143 len-

355 2157 540 2204 tentiam,
564 2168 608 2197 ut
630 2157 724 2196 haec
742 2169 833 2196 cum
854 2157 1160 2210 interrogatione
1186 2156 1390 2210 legantur,
1415 2170 1516 2211 quae
1533 2156 1574 2196 δι
1601 2171 1624 2198 a

355 2209 502 2252 Graev.
531 2210 647 2251 abest.
672 2210 729 2250 Ea
757 2211 886 2251 demta
915 2211 1026 2250 locus
1055 2211 1107 2250 ita
1138 2211 1263 2264 accipi
1292 2209 1438 2264 potest:
1465 2211 1621 2264 Itaque,

353 2275 545 2319 quantum
572 2263 714 2304 scilicet
740 2278 791 2305 ex
812 2265 994 2305 oratione
1018 2264 1145 2304 vestra
1167 2264 1437 2318 intelligimus,
1457 2277 1540 2304 non
1563 2278 1625 2304 re-

352 2319 555 2374 ceperitis,
576 2318 642 2359 vel
662 2330 743 2358 non
760 2318 982 2364 volueritis,
1006 2318 1042 2357 id
1065 2318 1140 2366 est,
1163 2331 1243 2359 non
1262 2317 1520 2359 concesseritis
1546 2330 1624 2358 no-

351 2373 434 2421 bis,
454 2384 499 2414 ut
523 2372 650 2414 otium
675 2382 832 2426 agentes
859 2373 975 2412 vobis
997 2385 1071 2436 pro
1094 2371 1268 2413 hostibus
1294 2373 1433 2420 amici,
1459 2371 1502 2412 δι
1526 2384 1625 2417 neu-

351 2428 422 2467 tris
441 2426 538 2468 socii
558 2426 688 2467 fimus.
702 2425 983 2467 Accusativum
1001 2427 1102 2477 ημῖις
1125 2427 1247 2480 vulgo
1267 2428 1509 2480 coniungunt
1528 2438 1622 2466 cum

350 2480 556 2538 ἓέξοισδε,
581 2481 650 2536 qui
674 2493 798 2535 aeque
828 2479 963 2522 referri
986 2480 1113 2535 potest
1133 2481 1182 2521 ad
1215 2479 1439 2536 sequentem
1465 2478 1626 2530 infiniti,-
