<?xml version="1.0" encoding="UTF-8"?>
<!DOCTYPE html PUBLIC "-//W3C//DTD XHTML 1.0 Transitional//EN"
    "http://www.w3.org/TR/xhtml1/DTD/xhtml1-transitional.dtd">
<html xmlns="http://www.w3.org/1999/xhtml" xml:lang="en" lang="en">
 <head>
  <title>
</title>
<meta http-equiv="Content-Type" content="text/html;charset=utf-8" />
  <meta name='ocr-system' content='tesseract 3.04.00' />
  <meta name='ocr-capabilities' content='ocr_page ocr_carea ocr_par ocr_line ocrx_word'/>
</head>
<body>
  <div class='ocr_page' id='page_1' title='image "./debellopeloponn03thucuoft_0028.png"; bbox 0 0 1728 3120; ppageno 0'>
   <div class='ocr_carea' id='block_1_1' title="bbox 369 233 1346 288">
    <p class='ocr_par' dir='ltr' id='par_1_1' title="bbox 369 233 1346 288">
     <span class='ocr_line' id='line_1_1' title="bbox 369 233 1346 288; baseline -0.001 0"><span class='ocrx_word' id='word_1_1' title='bbox 369 236 428 288; x_wconf 74' lang='lat'>18</span> <span class='ocrx_word' id='word_1_2' title='bbox 655 233 1346 287; x_wconf 89' lang='lat' dir='ltr'>THUCYDIDIS</span> 
     </span>
    </p>
   </div>
   <div class='ocr_carea' id='block_1_2' title="bbox 357 327 1635 853">
    <p class='ocr_par' dir='ltr' id='par_1_2' title="bbox 357 327 1635 853">
     <span class='ocr_line' id='line_1_2' title="bbox 364 327 1635 407; baseline 0.002 -21"><span class='ocrx_word' id='word_1_3' title='bbox 364 336 465 386; x_wconf 75' lang='grc' dir='ltr'>κάτ’</span> <span class='ocrx_word' id='word_1_4' title='bbox 486 333 648 398; x_wconf 78' lang='grc' dir='ltr'>ὀλίγοις</span> <span class='ocrx_word' id='word_1_5' title='bbox 660 353 763 392; x_wconf 78' lang='grc' dir='ltr'>νοιυς</span> <span class='ocrx_word' id='word_1_6' title='bbox 784 332 1029 404; x_wconf 67' lang='grc' dir='ltr'>διελόμενοι,</span> <span class='ocrx_word' id='word_1_7' title='bbox 1055 332 1152 386; x_wconf 68' lang='grc' dir='ltr'>ὢοτι</span> <span class='ocrx_word' id='word_1_8' title='bbox 1176 336 1251 386; x_wconf 84' lang='grc' dir='ltr'>οὐκ.</span> <span class='ocrx_word' id='word_1_9' title='bbox 1272 327 1315 394; x_wconf 80' lang='grc' dir='ltr'>ἢν</span> <span class='ocrx_word' id='word_1_10' title='bbox 1340 334 1510 387; x_wconf 77' lang='grc' dir='ltr'>πλείοσι</span> <span class='ocrx_word' id='word_1_11' title='bbox 1530 333 1635 407; x_wconf 61' lang='grc' dir='ltr'>σι’-ρινΣ</span> 
     </span>
     <span class='ocr_line' id='line_1_3' title="bbox 363 406 1632 482; baseline 0.002 -21"><span class='ocrx_word' id='word_1_12' title='bbox 363 412 485 473; x_wconf 76' lang='grc' dir='ltr'>σχεῖν</span> <span class='ocrx_word' id='word_1_13' title='bbox 495 447 507 465; x_wconf 83' lang='grc'>,</span> <span class='ocrx_word' id='word_1_14' title='bbox 522 432 599 461; x_wconf 78' lang='grc' dir='ltr'>κάι</span> <span class='ocrx_word' id='word_1_15' title='bbox 613 407 921 468; x_wconf 72' lang='grc' dir='ltr'>ἀνάπάυοντες,</span> <span class='ocrx_word' id='word_1_16' title='bbox 938 412 974 462; x_wconf 80' lang='grc' dir='ltr'>ὲν</span> <span class='ocrx_word' id='word_1_17' title='bbox 986 410 1047 481; x_wconf 76' lang='grc' dir='ltr'><em>τῷ</em></span> <span class='ocrx_word' id='word_1_18' title='bbox 1058 406 1169 482; x_wconf 77' lang='grc' dir='ltr'>μέρει</span> <span class='ocrx_word' id='word_1_19' title='bbox 1182 434 1274 468; x_wconf 81' lang='grc' dir='ltr'>τους</span> <span class='ocrx_word' id='word_1_20' title='bbox 1291 412 1500 468; x_wconf 72' lang='grc' dir='ltr'>ἐπίπλους</span> <span class='ocrx_word' id='word_1_21' title='bbox 1515 432 1632 463; x_wconf 78' lang='grc' dir='ltr'>εποι-</span> 
     </span>
     <span class='ocr_line' id='line_1_4' title="bbox 362 485 1629 575; baseline 0 -37"><span class='ocrx_word' id='word_1_22' title='bbox 362 486 471 538; x_wconf 78' lang='grc' dir='ltr'>οῧντο</span> <span class='ocrx_word' id='word_1_23' title='bbox 482 523 493 540; x_wconf 88' lang='grc'>,</span> <span class='ocrx_word' id='word_1_24' title='bbox 511 489 724 558; x_wconf 70' lang='grc' dir='ltr'>προθυμίαι</span> <span class='ocrx_word' id='word_1_25' title='bbox 738 508 784 538; x_wconf 84' lang='grc' dir='ltr'>τε</span> <span class='ocrx_word' id='word_1_26' title='bbox 797 486 923 552; x_wconf 74' lang='grc' dir='ltr'>πάσῃ</span> <span class='ocrx_word' id='word_1_27' title='bbox 936 486 1140 559; x_wconf 70' lang='grc' dir='ltr'>χρώμενοι</span> <span class='ocrx_word' id='word_1_28' title='bbox 1154 509 1231 537; x_wconf 83' lang='grc' dir='ltr'>κοιι</span> <span class='ocrx_word' id='word_1_29' title='bbox 1245 485 1606 575; x_wconf 72' lang='grc' dir='ltr'>πάροικελευσμῷ</span> <span class='ocrx_word' id='word_1_30' title='bbox 1613 523 1629 542; x_wconf 87' lang='grc'><strong>,</strong></span> 
     </span>
     <span class='ocr_line' id='line_1_5' title="bbox 359 552 1632 657; baseline 0.001 -43"><span class='ocrx_word' id='word_1_31' title='bbox 359 562 488 620; x_wconf 63' lang='grc' dir='ltr'>ὅπως</span> <span class='ocrx_word' id='word_1_32' title='bbox 505 562 717 633; x_wconf 78' lang='grc' dir='ltr'>ὠσάμενοι</span> <span class='ocrx_word' id='word_1_33' title='bbox 741 557 865 614; x_wconf 86' lang='grc' dir='ltr'>ελοιεν</span> <span class='ocrx_word' id='word_1_34' title='bbox 879 585 924 613; x_wconf 88' lang='grc' dir='ltr'>το</span> <span class='ocrx_word' id='word_1_35' title='bbox 943 566 1170 632; x_wconf 85' lang='grc' dir='ltr'>τείχισμοο.</span> <span class='ocrx_word' id='word_1_36' title='bbox 1187 561 1358 615; x_wconf 74' lang='grc' dir='ltr'>πάντων</span> <span class='ocrx_word' id='word_1_37' title='bbox 1374 552 1419 613; x_wconf 68' lang='grc' dir='ltr'>δε</span> <span class='ocrx_word' id='word_1_38' title='bbox 1399 561 1632 657; x_wconf 74' lang='grc' dir='ltr'>φανερω-</span> 
     </span>
     <span class='ocr_line' id='line_1_6' title="bbox 357 634 1630 727; baseline 0.001 -37"><span class='ocrx_word' id='word_1_39' title='bbox 357 660 487 696; x_wconf 73' lang='grc' dir='ltr'>σοιτος</span> <span class='ocrx_word' id='word_1_40' title='bbox 500 663 518 689; x_wconf 84' lang='grc' dir='ltr'>ο</span> <span class='ocrx_word' id='word_1_41' title='bbox 507 639 589 711; x_wconf 87' lang='grc' dir='ltr'>Βρ</span> <span class='ocrx_word' id='word_1_42' title='bbox 595 638 772 696; x_wconf 55' lang='lat' dir='ltr'>oco-&amp;025²</span> <span class='ocrx_word' id='word_1_43' title='bbox 762 634 935 702; x_wconf 78' lang='grc' dir='ltr'>εγένετο.</span> <span class='ocrx_word' id='word_1_44' title='bbox 933 660 1198 727; x_wconf 80' lang='grc' dir='ltr'>τριηράρχων</span> <span class='ocrx_word' id='word_1_45' title='bbox 1211 659 1304 706; x_wconf 71' lang='grc' dir='ltr'>’γάρ</span> <span class='ocrx_word' id='word_1_46' title='bbox 1314 675 1325 693; x_wconf 92' lang='lat'>‚</span> <span class='ocrx_word' id='word_1_47' title='bbox 1341 660 1420 689; x_wconf 68' lang='lat' dir='ltr'>xm</span> <span class='ocrx_word' id='word_1_48' title='bbox 1434 638 1540 711; x_wconf 79' lang='grc' dir='ltr'>ὅρων,</span> <span class='ocrx_word' id='word_1_49' title='bbox 1555 637 1630 691; x_wconf 82' lang='grc' dir='ltr'>τοῧ</span> 
     </span>
     <span class='ocr_line' id='line_1_7' title="bbox 358 710 1631 812; baseline 0.001 -46"><span class='ocrx_word' id='word_1_50' title='bbox 358 720 510 808; x_wconf 78' lang='grc' dir='ltr'><em>χωρίου</em></span> <span class='ocrx_word' id='word_1_51' title='bbox 524 715 731 778; x_wconf 76' lang='grc' dir='ltr'>χάλεπου</span> <span class='ocrx_word' id='word_1_52' title='bbox 743 716 848 771; x_wconf 77' lang='grc' dir='ltr'>ὄντος</span> <span class='ocrx_word' id='word_1_53' title='bbox 860 751 872 768; x_wconf 86' lang='grc'>,</span> <span class='ocrx_word' id='word_1_54' title='bbox 887 710 980 771; x_wconf 67' lang='grc' dir='ltr'>τοῖις</span> <span class='ocrx_word' id='word_1_55' title='bbox 991 713 1254 787; x_wconf 69' lang='grc' dir='ltr'>τριηράρχους</span> <span class='ocrx_word' id='word_1_56' title='bbox 1265 736 1343 765; x_wconf 71' lang='lat' dir='ltr'>nou</span> <span class='ocrx_word' id='word_1_57' title='bbox 1321 710 1631 812; x_wconf 64' lang='grc' dir='ltr'>κυβερνητας,</span> 
     </span>
     <span class='ocr_line' id='line_1_8' title="bbox 358 785 1630 853; baseline 0 -11"><span class='ocrx_word' id='word_1_58' title='bbox 358 791 475 842; x_wconf 70' lang='grc' dir='ltr'>εἶπου</span> <span class='ocrx_word' id='word_1_59' title='bbox 495 814 571 842; x_wconf 82' lang='grc' dir='ltr'>κοιι</span> <span class='ocrx_word' id='word_1_60' title='bbox 595 791 725 851; x_wconf 66' lang='grc' dir='ltr'>δοκοίη</span> <span class='ocrx_word' id='word_1_61' title='bbox 744 785 974 842; x_wconf 65' lang='grc' dir='ltr'>δυνά-τον</span> <span class='ocrx_word' id='word_1_62' title='bbox 932 798 1032 841; x_wconf 82' lang='grc' dir='ltr'>εἰνοοι</span> <span class='ocrx_word' id='word_1_63' title='bbox 1051 812 1195 853; x_wconf 90' lang='grc' dir='ltr'>σχειν,</span> <span class='ocrx_word' id='word_1_64' title='bbox 1217 789 1527 850; x_wconf 65' lang='grc' dir='ltr'>ἀποκνοῖἷντοις,</span> <span class='ocrx_word' id='word_1_65' title='bbox 1548 813 1630 842; x_wconf 68' lang='lat' dir='ltr'>nou</span> 
     </span>
    </p>
   </div>
   <div class='ocr_carea' id='block_1_3' title="bbox 359 859 1677 956">
    <p class='ocr_par' dir='ltr' id='par_1_3' title="bbox 359 859 1677 956">
     <span class='ocr_line' id='line_1_9' title="bbox 359 859 1677 956; baseline 0.002 -39"><span class='ocrx_word' id='word_1_66' title='bbox 359 863 719 936; x_wconf 70' lang='grc' dir='ltr'>φυλασσομένους</span> <span class='ocrx_word' id='word_1_67' title='bbox 736 889 815 917; x_wconf 83' lang='grc' dir='ltr'>των</span> <span class='ocrx_word' id='word_1_68' title='bbox 834 887 924 919; x_wconf 81' lang='grc' dir='ltr'>νεων</span> <span class='ocrx_word' id='word_1_69' title='bbox 944 889 1007 935; x_wconf 87' lang='grc' dir='ltr'>μη</span> <span class='ocrx_word' id='word_1_70' title='bbox 982 859 1314 956; x_wconf 69' lang='grc' dir='ltr'>ξυντριψωσιν,</span> <span class='ocrx_word' id='word_1_71' title='bbox 1330 864 1463 926; x_wconf 77' lang='grc' dir='ltr'>ἒβὸοι,</span> <span class='ocrx_word' id='word_1_72' title='bbox 1482 863 1629 932; x_wconf 77' lang='grc' dir='ltr'>λεγων</span> <span class='ocrx_word' id='word_1_73' title='bbox 1666 874 1677 887; x_wconf 84' lang='lat'>&#39;</span> 
     </span>
    </p>
   </div>
   <div class='ocr_carea' id='block_1_4' title="bbox 352 939 1632 1398">
    <p class='ocr_par' dir='ltr' id='par_1_4' title="bbox 352 939 1632 1398">
     <span class='ocr_line' id='line_1_10' title="bbox 357 939 1628 1013; baseline 0.001 -19"><span class='ocrx_word' id='word_1_74' title='bbox 357 943 414 1000; x_wconf 74' lang='grc' dir='ltr'>ὡς</span> <span class='ocrx_word' id='word_1_75' title='bbox 434 965 509 994; x_wconf 78' lang='grc' dir='ltr'>ουκ</span> <span class='ocrx_word' id='word_1_76' title='bbox 533 939 638 1000; x_wconf 79' lang='grc' dir='ltr'>εἰκος</span> <span class='ocrx_word' id='word_1_77' title='bbox 664 965 720 1002; x_wconf 78' lang='grc' dir='ltr'>ειη</span> <span class='ocrx_word' id='word_1_78' title='bbox 747 939 883 1004; x_wconf 73' lang='grc' dir='ltr'>ξυλων</span> <span class='ocrx_word' id='word_1_79' title='bbox 905 939 1188 1011; x_wconf 66' lang='grc' dir='ltr'>φειδομένους,</span> <span class='ocrx_word' id='word_1_80' title='bbox 1217 964 1310 999; x_wconf 85' lang='grc' dir='ltr'>τους</span> <span class='ocrx_word' id='word_1_81' title='bbox 1334 948 1566 1013; x_wconf 77' lang='grc' dir='ltr'>πολεμίους</span> <span class='ocrx_word' id='word_1_82' title='bbox 1588 944 1628 995; x_wconf 82' lang='grc' dir='ltr'>ἒν</span> 
     </span>
     <span class='ocr_line' id='line_1_11' title="bbox 355 1014 1632 1107; baseline 0.001 -37"><span class='ocrx_word' id='word_1_83' title='bbox 355 1042 404 1083; x_wconf 63' lang='lat' dir='ltr'>*sn</span> <span class='ocrx_word' id='word_1_84' title='bbox 433 1041 562 1090; x_wconf 76' lang='grc' dir='ltr'>χωρά</span> <span class='ocrx_word' id='word_1_85' title='bbox 588 1019 776 1090; x_wconf 65' lang='grc' dir='ltr'>περιϊδειν</span> <span class='ocrx_word' id='word_1_86' title='bbox 802 1040 942 1080; x_wconf 84' lang='grc' dir='ltr'>τειχος</span> <span class='ocrx_word' id='word_1_87' title='bbox 968 1014 1279 1107; x_wconf 69' lang='grc' dir='ltr'>πεποιημένους</span> <span class='ocrx_word' id='word_1_88' title='bbox 1308 1014 1445 1069; x_wconf 56' lang='grc' dir='ltr'>ἀλλὰ</span> <span class='ocrx_word' id='word_1_89' title='bbox 1467 1017 1550 1077; x_wconf 84' lang='grc' dir='ltr'>τάς</span> <span class='ocrx_word' id='word_1_90' title='bbox 1578 1039 1632 1072; x_wconf 67' lang='grc' dir='ltr'>τε</span> 
     </span>
     <span class='ocr_line' id='line_1_12' title="bbox 356 1087 1627 1166; baseline 0 -20"><span class='ocrx_word' id='word_1_91' title='bbox 356 1091 571 1166; x_wconf 70' lang='grc' dir='ltr'>σφετεράς</span> <span class='ocrx_word' id='word_1_92' title='bbox 585 1096 704 1153; x_wconf 79' lang='grc' dir='ltr'>νοιῧς,</span> <span class='ocrx_word' id='word_1_93' title='bbox 720 1087 1048 1163; x_wconf 73' lang='grc' dir='ltr'>βιάζομενους</span> <span class='ocrx_word' id='word_1_94' title='bbox 1005 1118 1075 1155; x_wconf 80' lang='grc' dir='ltr'>την</span> <span class='ocrx_word' id='word_1_95' title='bbox 1088 1094 1317 1155; x_wconf 59' lang='grc' dir='ltr'>ἀποβῶσιν</span> <span class='ocrx_word' id='word_1_96' title='bbox 1327 1131 1338 1149; x_wconf 90' lang='grc'><em>,</em></span> <span class='ocrx_word' id='word_1_97' title='bbox 1353 1092 1627 1160; x_wconf 76' lang='grc' dir='ltr'>κοιτάγνύνάι</span> 
     </span>
     <span class='ocr_line' id='line_1_13' title="bbox 356 1168 1627 1242; baseline 0.001 -20"><span class='ocrx_word' id='word_1_98' title='bbox 356 1168 549 1226; x_wconf 68' lang='grc' dir='ltr'>ἐκέλευε,</span> <span class='ocrx_word' id='word_1_99' title='bbox 566 1193 646 1223; x_wconf 71' lang='lat' dir='ltr'>nou</span> <span class='ocrx_word' id='word_1_100' title='bbox 671 1195 763 1228; x_wconf 82' lang='grc' dir='ltr'>τους</span> <span class='ocrx_word' id='word_1_101' title='bbox 788 1170 1053 1242; x_wconf 71' lang='grc' dir='ltr'>ξυμμάχους</span> <span class='ocrx_word' id='word_1_102' title='bbox 1075 1194 1138 1240; x_wconf 84' lang='grc' dir='ltr'>μη</span> <span class='ocrx_word' id='word_1_103' title='bbox 1159 1192 1402 1231; x_wconf 71' lang='lat' dir='ltr'>omonimo-ou</span> <span class='ocrx_word' id='word_1_104' title='bbox 1427 1168 1518 1224; x_wconf 73' lang='grc' dir='ltr'>ἀντι</span> <span class='ocrx_word' id='word_1_105' title='bbox 1541 1191 1627 1241; x_wconf 82' lang='grc' dir='ltr'>με·-</span> 
     </span>
     <span class='ocr_line' id='line_1_14' title="bbox 352 1245 1628 1333; baseline 0.001 -35"><span class='ocrx_word' id='word_1_106' title='bbox 352 1246 514 1311; x_wconf 76' lang='grc' dir='ltr'>*γάλων</span> <span class='ocrx_word' id='word_1_107' title='bbox 541 1269 782 1319; x_wconf 75' lang='grc' dir='ltr'>ευεργεσιων</span> <span class='ocrx_word' id='word_1_108' title='bbox 809 1269 889 1304; x_wconf 82' lang='grc' dir='ltr'>τοις</span> <span class='ocrx_word' id='word_1_109' title='bbox 915 1246 1015 1304; x_wconf 80' lang='grc' dir='ltr'>νοιῧς</span> <span class='ocrx_word' id='word_1_110' title='bbox 1033 1249 1115 1304; x_wconf 81' lang='grc' dir='ltr'>τοῖς</span> <span class='ocrx_word' id='word_1_111' title='bbox 1128 1245 1519 1333; x_wconf 64' lang='grc' dir='ltr'>Λακεδαιμονιὀις’</span> <span class='ocrx_word' id='word_1_112' title='bbox 1509 1268 1545 1300; x_wconf 89' lang='grc' dir='ltr'>εν</span> <span class='ocrx_word' id='word_1_113' title='bbox 1562 1245 1628 1319; x_wconf 71' lang='grc' dir='ltr'>τῷ</span> 
     </span>
     <span class='ocr_line' id='line_1_15' title="bbox 352 1314 1629 1398; baseline 0 -24"><span class='ocrx_word' id='word_1_114' title='bbox 352 1322 526 1397; x_wconf 73' lang='grc' dir='ltr'>πάρόντι</span> <span class='ocrx_word' id='word_1_115' title='bbox 563 1323 788 1376; x_wconf 70' lang='grc' dir='ltr'>ὲπιὸουνοοι·</span> <span class='ocrx_word' id='word_1_116' title='bbox 823 1328 1078 1381; x_wconf 79' lang='grc' dir='ltr'>ὁκειλοοντοις</span> <span class='ocrx_word' id='word_1_117' title='bbox 1109 1314 1177 1379; x_wconf 69' lang='grc' dir='ltr'>δε,</span> <span class='ocrx_word' id='word_1_118' title='bbox 1209 1345 1289 1375; x_wconf 73' lang='lat' dir='ltr'>neu</span> <span class='ocrx_word' id='word_1_119' title='bbox 1318 1344 1449 1376; x_wconf 65' lang='lat' dir='ltr'>wavra</span> <span class='ocrx_word' id='word_1_120' title='bbox 1484 1345 1629 1398; x_wconf 76' lang='grc' dir='ltr'>τροπω</span> 
     </span>
    </p>
   </div>
   <div class='ocr_carea' id='block_1_5' title="bbox 339 1468 1629 2570">
    <p class='ocr_par' dir='ltr' id='par_1_5' title="bbox 339 1468 1629 2570">
     <span class='ocr_line' id='line_1_16' title="bbox 353 1468 1629 1525; baseline 0.002 -16"><span class='ocrx_word' id='word_1_121' title='bbox 353 1469 516 1510; x_wconf 84' lang='lat' dir='ltr'>navium</span> <span class='ocrx_word' id='word_1_122' title='bbox 537 1481 727 1519; x_wconf 88' lang='lat' dir='ltr'>numero,</span> <span class='ocrx_word' id='word_1_123' title='bbox 749 1469 858 1524; x_wconf 92' lang='lat' dir='ltr'>quod</span> <span class='ocrx_word' id='word_1_124' title='bbox 881 1482 973 1510; x_wconf 91' lang='lat' dir='ltr'>cum</span> <span class='ocrx_word' id='word_1_125' title='bbox 993 1468 1142 1511; x_wconf 81' lang='lat' dir='ltr'>maiore</span> <span class='ocrx_word' id='word_1_126' title='bbox 1164 1469 1211 1510; x_wconf 89' lang='lat' dir='ltr'>ad</span> <span class='ocrx_word' id='word_1_127' title='bbox 1225 1469 1316 1510; x_wconf 87' lang='lat' dir='ltr'>litus</span> <span class='ocrx_word' id='word_1_128' title='bbox 1333 1469 1526 1525; x_wconf 85' lang='lat' dir='ltr'>appellere</span> <span class='ocrx_word' id='word_1_129' title='bbox 1545 1483 1629 1512; x_wconf 90' lang='lat' dir='ltr'>non</span> 
     </span>
     <span class='ocr_line' id='line_1_17' title="bbox 349 1536 1626 1593; baseline 0.001 -15"><span class='ocrx_word' id='word_1_130' title='bbox 349 1537 526 1593; x_wconf 85' lang='lat' dir='ltr'>poffent,</span> <span class='ocrx_word' id='word_1_131' title='bbox 551 1538 593 1579; x_wconf 76' lang='grc' dir='ltr'>δι</span> <span class='ocrx_word' id='word_1_132' title='bbox 618 1549 766 1579; x_wconf 90' lang='lat' dir='ltr'>ceteras</span> <span class='ocrx_word' id='word_1_133' title='bbox 789 1551 911 1579; x_wconf 87' lang='lat' dir='ltr'>naves</span> <span class='ocrx_word' id='word_1_134' title='bbox 931 1538 1079 1580; x_wconf 87' lang='lat' dir='ltr'>interea</span> <span class='ocrx_word' id='word_1_135' title='bbox 1103 1536 1299 1592; x_wconf 85' lang='lat' dir='ltr'>quiescere</span> <span class='ocrx_word' id='word_1_136' title='bbox 1326 1538 1527 1589; x_wconf 89' lang='lat' dir='ltr'>iubentes,</span> <span class='ocrx_word' id='word_1_137' title='bbox 1554 1550 1626 1592; x_wconf 82' lang='lat' dir='ltr'>per</span> 
     </span>
     <span class='ocr_line' id='line_1_18' title="bbox 347 1606 1626 1662; baseline -0.001 -14"><span class='ocrx_word' id='word_1_138' title='bbox 347 1606 458 1648; x_wconf 89' lang='lat' dir='ltr'>vices</span> <span class='ocrx_word' id='word_1_139' title='bbox 483 1608 671 1661; x_wconf 90' lang='lat' dir='ltr'>impetum</span> <span class='ocrx_word' id='word_1_140' title='bbox 695 1607 917 1655; x_wconf 88' lang='lat' dir='ltr'>faciebant,</span> <span class='ocrx_word' id='word_1_141' title='bbox 944 1608 1131 1662; x_wconf 90' lang='lat' dir='ltr'>omnique</span> <span class='ocrx_word' id='word_1_142' title='bbox 1151 1606 1271 1647; x_wconf 89' lang='lat' dir='ltr'>animi</span> <span class='ocrx_word' id='word_1_143' title='bbox 1301 1606 1554 1647; x_wconf 87' lang='lat' dir='ltr'>contentione</span> <span class='ocrx_word' id='word_1_144' title='bbox 1581 1606 1626 1647; x_wconf 88' lang='lat'>&amp;</span> 
     </span>
     <span class='ocr_line' id='line_1_19' title="bbox 348 1675 1626 1733; baseline -0.001 -16"><span class='ocrx_word' id='word_1_145' title='bbox 348 1677 617 1719; x_wconf 84' lang='lat' dir='ltr'>adhortatione</span> <span class='ocrx_word' id='word_1_146' title='bbox 637 1689 788 1719; x_wconf 82' lang='lat' dir='ltr'>utentes</span> <span class='ocrx_word' id='word_1_147' title='bbox 801 1710 812 1728; x_wconf 95' lang='lat'>,</span> <span class='ocrx_word' id='word_1_148' title='bbox 829 1678 858 1718; x_wconf 87' lang='lat' dir='ltr'>fi</span> <span class='ocrx_word' id='word_1_149' title='bbox 878 1693 961 1733; x_wconf 93' lang='lat' dir='ltr'>quo</span> <span class='ocrx_word' id='word_1_150' title='bbox 983 1678 1104 1719; x_wconf 91' lang='lat' dir='ltr'>modo</span> <span class='ocrx_word' id='word_1_151' title='bbox 1123 1677 1271 1719; x_wconf 72' lang='lat' dir='ltr'>reieffls</span> <span class='ocrx_word' id='word_1_152' title='bbox 1296 1675 1470 1717; x_wconf 89' lang='lat' dir='ltr'>hostibus</span> <span class='ocrx_word' id='word_1_153' title='bbox 1494 1677 1626 1717; x_wconf 86' lang='lat' dir='ltr'>muni-</span> 
     </span>
     <span class='ocr_line' id='line_1_20' title="bbox 346 1746 1622 1803; baseline -0.001 -15"><span class='ocrx_word' id='word_1_154' title='bbox 346 1747 496 1788; x_wconf 86' lang='lat' dir='ltr'>tionem</span> <span class='ocrx_word' id='word_1_155' title='bbox 524 1761 662 1803; x_wconf 86' lang='lat' dir='ltr'>capere</span> <span class='ocrx_word' id='word_1_156' title='bbox 686 1746 850 1803; x_wconf 85' lang='lat' dir='ltr'>poffent.</span> <span class='ocrx_word' id='word_1_157' title='bbox 882 1747 1055 1789; x_wconf 85' lang='lat' dir='ltr'>Brafidas</span> <span class='ocrx_word' id='word_1_158' title='bbox 1083 1758 1214 1789; x_wconf 86' lang='lat' dir='ltr'>autem</span> <span class='ocrx_word' id='word_1_159' title='bbox 1238 1747 1420 1789; x_wconf 89' lang='lat' dir='ltr'>omnium</span> <span class='ocrx_word' id='word_1_160' title='bbox 1452 1746 1622 1787; x_wconf 84' lang='lat' dir='ltr'>maxime</span> 
     </span>
     <span class='ocr_line' id='line_1_21' title="bbox 348 1816 1623 1874; baseline -0.002 -15"><span class='ocrx_word' id='word_1_161' title='bbox 348 1818 580 1874; x_wconf 85' lang='lat' dir='ltr'>conspicuus</span> <span class='ocrx_word' id='word_1_162' title='bbox 602 1818 756 1859; x_wconf 87' lang='lat' dir='ltr'>exstitit.</span> <span class='ocrx_word' id='word_1_163' title='bbox 783 1832 873 1860; x_wconf 89' lang='lat' dir='ltr'>cum</span> <span class='ocrx_word' id='word_1_164' title='bbox 894 1820 999 1859; x_wconf 91' lang='lat' dir='ltr'>enim</span> <span class='ocrx_word' id='word_1_165' title='bbox 1023 1817 1116 1859; x_wconf 82' lang='lat' dir='ltr'>effer</span> <span class='ocrx_word' id='word_1_166' title='bbox 1140 1830 1243 1859; x_wconf 87' lang='lat' dir='ltr'>unus</span> <span class='ocrx_word' id='word_1_167' title='bbox 1264 1830 1287 1858; x_wconf 89' lang='lat' dir='ltr'>e</span> <span class='ocrx_word' id='word_1_168' title='bbox 1311 1816 1551 1865; x_wconf 86' lang='lat' dir='ltr'>trierarchis,</span> <span class='ocrx_word' id='word_1_169' title='bbox 1576 1816 1623 1857; x_wconf 87' lang='lat'>&amp;</span> 
     </span>
     <span class='ocr_line' id='line_1_22' title="bbox 346 1884 1622 1943; baseline -0.002 -14"><span class='ocrx_word' id='word_1_170' title='bbox 346 1887 496 1929; x_wconf 85' lang='lat' dir='ltr'>videret</span> <span class='ocrx_word' id='word_1_171' title='bbox 517 1898 676 1943; x_wconf 89' lang='lat' dir='ltr'>propter</span> <span class='ocrx_word' id='word_1_172' title='bbox 696 1888 773 1930; x_wconf 88' lang='lat' dir='ltr'>loci</span> <span class='ocrx_word' id='word_1_173' title='bbox 793 1888 834 1929; x_wconf 78' lang='grc' dir='ltr'>δι</span> <span class='ocrx_word' id='word_1_174' title='bbox 854 1886 1024 1929; x_wconf 65' lang='lat' dir='ltr'>accefi‘us</span> <span class='ocrx_word' id='word_1_175' title='bbox 1047 1886 1311 1928; x_wconf 86' lang='lat' dir='ltr'>difficultatem</span> <span class='ocrx_word' id='word_1_176' title='bbox 1330 1884 1562 1926; x_wconf 85' lang='lat' dir='ltr'>trierarchos</span> <span class='ocrx_word' id='word_1_177' title='bbox 1578 1884 1622 1926; x_wconf 87' lang='lat'>&amp;</span> 
     </span>
     <span class='ocr_line' id='line_1_23' title="bbox 347 1952 1622 2012; baseline -0.002 -15"><span class='ocrx_word' id='word_1_178' title='bbox 347 1957 651 2012; x_wconf 80' lang='lat' dir='ltr'>gubernatores,</span> <span class='ocrx_word' id='word_1_179' title='bbox 668 1954 696 1995; x_wconf 87' lang='lat' dir='ltr'><strong>fi</strong></span> <span class='ocrx_word' id='word_1_180' title='bbox 723 1969 841 2010; x_wconf 85' lang='lat' dir='ltr'>quam</span> <span class='ocrx_word' id='word_1_181' title='bbox 864 1956 979 1996; x_wconf 88' lang='lat' dir='ltr'>etiam</span> <span class='ocrx_word' id='word_1_182' title='bbox 999 1954 1046 1995; x_wconf 90' lang='lat' dir='ltr'>ad</span> <span class='ocrx_word' id='word_1_183' title='bbox 1063 1965 1213 2009; x_wconf 89' lang='lat' dir='ltr'>partem</span> <span class='ocrx_word' id='word_1_184' title='bbox 1239 1953 1367 1995; x_wconf 88' lang='lat' dir='ltr'>accedi</span> <span class='ocrx_word' id='word_1_185' title='bbox 1389 1952 1495 2008; x_wconf 85' lang='lat' dir='ltr'>poffe</span> <span class='ocrx_word' id='word_1_186' title='bbox 1510 1953 1622 1995; x_wconf 84' lang='lat' dir='ltr'>vide-</span> 
     </span>
     <span class='ocr_line' id='line_1_24' title="bbox 346 2013 1622 2077; baseline -0.002 -12"><span class='ocrx_word' id='word_1_187' title='bbox 346 2013 484 2075; x_wconf 77' lang='lat' dir='ltr'>batur,</span> <span class='ocrx_word' id='word_1_188' title='bbox 504 2024 778 2076; x_wconf 83' lang='lat' dir='ltr'>formidantes,</span> <span class='ocrx_word' id='word_1_189' title='bbox 801 2026 845 2067; x_wconf 77' lang='grc' dir='ltr'>δι</span> <span class='ocrx_word' id='word_1_190' title='bbox 869 2035 1077 2072; x_wconf 86' lang='lat' dir='ltr'>caventes,</span> <span class='ocrx_word' id='word_1_191' title='bbox 1096 2037 1146 2065; x_wconf 89' lang='lat' dir='ltr'>ne</span> <span class='ocrx_word' id='word_1_192' title='bbox 1167 2037 1289 2065; x_wconf 88' lang='lat' dir='ltr'>naves</span> <span class='ocrx_word' id='word_1_193' title='bbox 1303 2022 1622 2077; x_wconf 87' lang='lat' dir='ltr'>confringerent,</span> 
     </span>
     <span class='ocr_line' id='line_1_25' title="bbox 346 2094 1622 2151; baseline -0.001 -13"><span class='ocrx_word' id='word_1_194' title='bbox 346 2095 661 2146; x_wconf 84' lang='lat' dir='ltr'>vociferabatur,</span> <span class='ocrx_word' id='word_1_195' title='bbox 686 2096 836 2146; x_wconf 86' lang='lat' dir='ltr'>dicens,</span> <span class='ocrx_word' id='word_1_196' title='bbox 860 2108 942 2136; x_wconf 91' lang='lat' dir='ltr'>non</span> <span class='ocrx_word' id='word_1_197' title='bbox 971 2096 1106 2137; x_wconf 86' lang='lat' dir='ltr'>decere</span> <span class='ocrx_word' id='word_1_198' title='bbox 1131 2094 1259 2150; x_wconf 89' lang='lat' dir='ltr'>ipsos,</span> <span class='ocrx_word' id='word_1_199' title='bbox 1279 2095 1372 2137; x_wconf 89' lang='lat' dir='ltr'>dum</span> <span class='ocrx_word' id='word_1_200' title='bbox 1397 2095 1507 2150; x_wconf 84' lang='lat' dir='ltr'>lignis</span> <span class='ocrx_word' id='word_1_201' title='bbox 1526 2109 1622 2151; x_wconf 86' lang='lat' dir='ltr'>par-</span> 
     </span>
     <span class='ocr_line' id='line_1_26' title="bbox 345 2164 1621 2219; baseline -0.001 -12"><span class='ocrx_word' id='word_1_202' title='bbox 345 2176 441 2208; x_wconf 89' lang='lat' dir='ltr'>cunt</span> <span class='ocrx_word' id='word_1_203' title='bbox 454 2197 466 2215; x_wconf 90' lang='lat'>‚</span> <span class='ocrx_word' id='word_1_204' title='bbox 489 2165 746 2206; x_wconf 87' lang='lat' dir='ltr'>munitionem</span> <span class='ocrx_word' id='word_1_205' title='bbox 768 2165 808 2205; x_wconf 89' lang='lat' dir='ltr'>in</span> <span class='ocrx_word' id='word_1_206' title='bbox 821 2164 892 2206; x_wconf 94' lang='lat' dir='ltr'>suo</span> <span class='ocrx_word' id='word_1_207' title='bbox 911 2178 1007 2219; x_wconf 88' lang='lat' dir='ltr'>agro</span> <span class='ocrx_word' id='word_1_208' title='bbox 1025 2166 1074 2206; x_wconf 86' lang='lat' dir='ltr'>ab</span> <span class='ocrx_word' id='word_1_209' title='bbox 1094 2164 1268 2206; x_wconf 86' lang='lat' dir='ltr'>hostibus</span> <span class='ocrx_word' id='word_1_210' title='bbox 1280 2164 1509 2206; x_wconf 66' lang='lat' dir='ltr'>exstructam</span> <span class='ocrx_word' id='word_1_211' title='bbox 1524 2164 1621 2219; x_wconf 82' lang='lat' dir='ltr'>pati.</span> 
     </span>
     <span class='ocr_line' id='line_1_27' title="bbox 344 2234 1619 2290; baseline 0 -14"><span class='ocrx_word' id='word_1_212' title='bbox 344 2236 442 2290; x_wconf 87' lang='lat' dir='ltr'>quin</span> <span class='ocrx_word' id='word_1_213' title='bbox 453 2235 575 2275; x_wconf 89' lang='lat' dir='ltr'>immo</span> <span class='ocrx_word' id='word_1_214' title='bbox 589 2234 744 2274; x_wconf 88' lang='lat' dir='ltr'>iubebat</span> <span class='ocrx_word' id='word_1_215' title='bbox 756 2234 860 2290; x_wconf 89' lang='lat' dir='ltr'>ipsos</span> <span class='ocrx_word' id='word_1_216' title='bbox 877 2248 927 2276; x_wconf 88' lang='lat' dir='ltr'>ex</span> <span class='ocrx_word' id='word_1_217' title='bbox 939 2235 1108 2276; x_wconf 89' lang='lat' dir='ltr'>navibus</span> <span class='ocrx_word' id='word_1_218' title='bbox 1124 2235 1164 2275; x_wconf 90' lang='lat' dir='ltr'>in</span> <span class='ocrx_word' id='word_1_219' title='bbox 1176 2235 1265 2277; x_wconf 90' lang='lat' dir='ltr'>litus</span> <span class='ocrx_word' id='word_1_220' title='bbox 1279 2249 1350 2290; x_wconf 88' lang='lat' dir='ltr'>per</span> <span class='ocrx_word' id='word_1_221' title='bbox 1367 2235 1450 2276; x_wconf 89' lang='lat' dir='ltr'>vim</span> <span class='ocrx_word' id='word_1_222' title='bbox 1463 2234 1619 2276; x_wconf 85' lang='lat' dir='ltr'>exscen-</span> 
     </span>
     <span class='ocr_line' id='line_1_28' title="bbox 345 2304 1618 2360; baseline -0.002 -12"><span class='ocrx_word' id='word_1_223' title='bbox 345 2306 456 2356; x_wconf 83' lang='lat' dir='ltr'>dere,</span> <span class='ocrx_word' id='word_1_224' title='bbox 475 2304 672 2360; x_wconf 87' lang='lat' dir='ltr'>navesque</span> <span class='ocrx_word' id='word_1_225' title='bbox 694 2305 963 2360; x_wconf 85' lang='lat' dir='ltr'>confringere:</span> <span class='ocrx_word' id='word_1_226' title='bbox 986 2306 1027 2346; x_wconf 88' lang='lat'>&amp;</span> <span class='ocrx_word' id='word_1_227' title='bbox 1046 2305 1173 2346; x_wconf 63' lang='lat' dir='ltr'>socies</span> <span class='ocrx_word' id='word_1_228' title='bbox 1194 2306 1447 2355; x_wconf 84' lang='lat' dir='ltr'>hortabatur,</span> <span class='ocrx_word' id='word_1_229' title='bbox 1466 2317 1516 2346; x_wconf 92' lang='lat' dir='ltr'>ne</span> <span class='ocrx_word' id='word_1_230' title='bbox 1539 2318 1618 2360; x_wconf 88' lang='lat' dir='ltr'>pro</span> 
     </span>
     <span class='ocr_line' id='line_1_29' title="bbox 345 2372 1618 2428; baseline -0.001 -13"><span class='ocrx_word' id='word_1_231' title='bbox 345 2375 497 2428; x_wconf 83' lang='lat' dir='ltr'>magnis</span> <span class='ocrx_word' id='word_1_232' title='bbox 518 2372 733 2423; x_wconf 89' lang='lat' dir='ltr'>beneficiis,</span> <span class='ocrx_word' id='word_1_233' title='bbox 764 2386 865 2427; x_wconf 88' lang='lat' dir='ltr'>quae</span> <span class='ocrx_word' id='word_1_234' title='bbox 891 2383 1149 2427; x_wconf 89' lang='lat' dir='ltr'>acceperant,</span> <span class='ocrx_word' id='word_1_235' title='bbox 1173 2372 1258 2414; x_wconf 86' lang='lat' dir='ltr'>suas</span> <span class='ocrx_word' id='word_1_236' title='bbox 1285 2385 1406 2415; x_wconf 86' lang='lat' dir='ltr'>naves</span> <span class='ocrx_word' id='word_1_237' title='bbox 1435 2373 1476 2412; x_wconf 91' lang='lat' dir='ltr'>in</span> <span class='ocrx_word' id='word_1_238' title='bbox 1505 2386 1618 2427; x_wconf 89' lang='lat' dir='ltr'>prae-</span> 
     </span>
     <span class='ocr_line' id='line_1_30' title="bbox 345 2443 1618 2498; baseline -0.002 -11"><span class='ocrx_word' id='word_1_239' title='bbox 345 2444 465 2487; x_wconf 81' lang='lat' dir='ltr'>sentia</span> <span class='ocrx_word' id='word_1_240' title='bbox 485 2445 800 2485; x_wconf 86' lang='lat' dir='ltr'>Lacedaemoniis</span> <span class='ocrx_word' id='word_1_241' title='bbox 819 2443 946 2498; x_wconf 86' lang='lat' dir='ltr'>largiri</span> <span class='ocrx_word' id='word_1_242' title='bbox 971 2444 1214 2493; x_wconf 83' lang='lat' dir='ltr'>dubitarent3</span> <span class='ocrx_word' id='word_1_243' title='bbox 1238 2443 1301 2484; x_wconf 93' lang='lat' dir='ltr'>sed</span> <span class='ocrx_word' id='word_1_244' title='bbox 1328 2444 1498 2485; x_wconf 87' lang='lat' dir='ltr'>navibus</span> <span class='ocrx_word' id='word_1_245' title='bbox 1515 2444 1554 2484; x_wconf 91' lang='lat' dir='ltr'>in</span> <span class='ocrx_word' id='word_1_246' title='bbox 1575 2444 1618 2485; x_wconf 88' lang='lat' dir='ltr'>li-</span> 
     </span>
     <span class='ocr_line' id='line_1_31' title="bbox 339 2513 1624 2570; baseline -0.003 -12"><span class='ocrx_word' id='word_1_247' title='bbox 339 2525 410 2558; x_wconf 75' lang='lat' dir='ltr'>tus</span> <span class='ocrx_word' id='word_1_248' title='bbox 428 2514 629 2570; x_wconf 73' lang='lat' dir='ltr'>impaffis,</span> <span class='ocrx_word' id='word_1_249' title='bbox 652 2514 694 2556; x_wconf 73' lang='grc' dir='ltr'>δι</span> <span class='ocrx_word' id='word_1_250' title='bbox 712 2515 853 2570; x_wconf 87' lang='lat' dir='ltr'>quavis</span> <span class='ocrx_word' id='word_1_251' title='bbox 873 2515 1026 2556; x_wconf 88' lang='lat' dir='ltr'>ratione</span> <span class='ocrx_word' id='word_1_252' title='bbox 1049 2513 1229 2556; x_wconf 86' lang='lat' dir='ltr'>exscensu</span> <span class='ocrx_word' id='word_1_253' title='bbox 1247 2527 1298 2556; x_wconf 83' lang='lat' dir='ltr'>ex</span> <span class='ocrx_word' id='word_1_254' title='bbox 1321 2513 1393 2556; x_wconf 85' lang='lat' dir='ltr'>illis</span> <span class='ocrx_word' id='word_1_255' title='bbox 1416 2516 1455 2556; x_wconf 86' lang='lat' dir='ltr'>in</span> <span class='ocrx_word' id='word_1_256' title='bbox 1472 2525 1624 2556; x_wconf 85' lang='lat' dir='ltr'>terram-</span> 
     </span>
    </p>
   </div>
  </div>
 </body>
</html>
