1728 3120
378 158 467 210 542
581 143 1458 197 ANNOTATIONES

370 230 464 271 λεῖς.
479 229 613 271 Livius
633 229 874 280 XXXVIII,
900 231 949 286 38
963 248 972 272 :
988 234 1046 273 Ne
1065 249 1159 287 quem
1173 235 1353 276 exercitum
1374 236 1645 292 (Antiochus)

373 286 434 340 qui
457 300 533 325 cum
552 284 690 339 Populo
703 284 852 337 sbct‘isve
873 286 993 327 bellum
1011 290 1163 340 gesturus
1183 289 1245 328 erit
1254 319 1273 337 ,
1294 305 1353 330 rex
1370 306 1432 343 per
1441 293 1534 343 fines
1549 295 1641 345 regni

365 340 454 394 [¹45⁵
481 353 659 386 eorumve,
685 339 744 392 qui
768 339 838 392 sub
870 341 996 380 ditione
1019 342 1092 381 eius
1113 355 1235 390 erunt,
1259 347 1396 397 tranfire
1415 346 1523 398 finito
1533 375 1549 394 ,
1575 362 1642 386 neu

374 406 584 439 commeatu,
606 408 671 433 neu
692 408 762 447 qua
779 394 852 433 alia
875 408 936 446 ope
956 395 1089 435 iuvato.
1115 399 1263 437 WAss.

432 448 523 502 Pag.
551 446 641 488 282.
667 447 692 486 l.
728 460 766 501 9.
791 448 984 541 Apoe‘wahv
1012 449 1235 506 Αἰγιναίαν)
1263 451 1328 492 De
1353 451 1575 502 Drachma‚
1598 454 1642 495 &

370 499 563 554 speciatim
591 500 843 554 Aeginetica3
882 501 948 543 use
967 502 1107 544 Paulus
1129 505 1333 546 Manutius
1353 505 1576 548 Commeat.
1602 508 1642 548 in

372 555 578 597 Ciceronis
598 553 714 608 Epist.
737 554 873 595 Famii.
891 556 934 595 L.
958 571 1005 607 2,
1030 570 1092 612 ep.
1115 572 1177 609 17.
1209 560 1348 600 Huns.

428 613 501 650 ead.
522 610 547 650 l.
577 620 637 648 ιο.
667 609 723 648 Ἐν
755 607 805 659 τῇ
829 607 953 665 αὖτ’ῇ)
978 610 1044 651 An
1075 610 1110 652 ἐν
1140 612 1190 662 τῇ
1218 609 1354 654 αὐτῆς.>
1388 623 1434 654 ut
1459 613 1551 655 alibi
1572 614 1640 657 τὴν

372 663 541 710 ἑαυτῶν,
567 661 636 704 τὴν
658 662 853 716 Ἀργείων,
876 665 919 705 δι
936 664 1048 719 plura
1066 664 1286 708 huiusmodi
1303 667 1403 708 dicit.

391 765 394 767 ,
425 720 501 758 ead.
527 717 552 756 l.
582 730 642 757 12.
663 716 824 766 Ὀμόσαι
844 716 890 757 δὲ
910 721 985 758 τὰς
1010 718 1210 774 ovenses)
1234 722 1361 775 Marg.
1384 722 1427 762 δι
1449 721 1638 776 quaedam

371 773 454 814 edd.
476 771 569 812 ταῖς
591 769 790 811 σπονὲαῖς.
811 771 884 812 Sed
905 772 1068 813 alterum
1087 772 1140 814 est
1158 775 1275 815 etiam
1292 788 1374 830 cap.
1396 790 1442 830 23
1459 791 1469 816 :
1487 775 1642 828 Ὀμοῦν-
1714 775 1716 777 ’

369 842 440 868 ται
466 825 511 865 ἑὲ
533 823 665 864 ταῦτα
691 821 796 876 οἵπερ
820 825 886 864 καὶ
909 828 983 867 τὰς
1005 824 1133 867 ἄλλας
1161 828 1334 870 coronate
1353 828 1503 880 ὥμνυυν.

426 883 502 919 ead.
530 880 554 919 I.
585 892 643 928 14.
668 878 890 933 Μαντινεῖς)
907 880 980 921 Gr.
1001 881 1201 933 Μαντινεῖς.
1226 883 1340 924 reete.
1360 885 1507 924 WAss.

428 935 530 989 Pagq
550 931 640 986 283.
663 933 687 972 l.
718 945 750 971 1.
779 935 894 973 Κατὰ
926 934 1000 974 τῶν
1030 934 1125 989 ἱερὸἷν
1156 935 1331 998 τελείων)
1352 935 1637 979 Demosthenes

368 997 507 1031 contra
538 986 766 1028 Eubulidem
797 987 888 1026 καθ’
917 987 1012 1043 ἱερῶν
1034 988 1254 1043 simpliciter
1287 991 1401 1040 dicit,
1428 1002 1468 1031 at
1498 1002 1637 1032 contra

369 1044 562 1089 Neaeram
585 1041 678 1082 καθ’
702 1039 798 1094 ἱερῶν
815 1042 977 1083 τελείων.
991 1056 1192 1097 ⁴quaenam
1214 1055 1345 1085 autem
1367 1043 1455 1085 sunt
1475 1044 1506 1085 ἴε
1526 1048 1552 1085 Be
1576 1048 1638 1085 τέ-

371 1110 459 1138 λεια
472 1127 487 1144 ,
513 1097 557 1137 &
577 1095 669 1149 quid
691 1093 792 1148 ὅρκος
819 1096 908 1135 not&
925 1095 1020 1150 ἱερῶν
1042 1097 1207 1145 τελείων,
1230 1099 1344 1140 docet
1365 1099 1467 1140 idem
1531 1113 1639 1140 emo-

367 1151 520 1192 sthenes
550 1150 590 1189 in
611 1149 795 1190 oratione
820 1162 959 1190 contra
983 1150 1280 1201 Aristocratem,
1309 1153 1377 1194 ubi
1404 1153 1482 1207 'agit
1505 1154 1552 1194 de
1580 1154 1639 1194 iu·

367 1203 605 1251 reiurando,
623 1216 705 1257 quo
731 1202 768 1243 se
792 1203 1055 1259 obstringebat
1081 1206 1134 1252 is,
1159 1207 1228 1260 qui
1255 1207 1357 1261 apud
1382 1207 1638 1262 Areopagitas
1708 1220 1711 1228 .

368 1261 493 1301 caedis
526 1259 695 1312 aliquem
724 1256 947 1308 accusabat,
971 1271 1089 1312 quem
1113 1260 1253 1310 iurare·
1274 1261 1363 1302 dicit
1387 1261 1540 1301 στάντα
1572 1262 1637 1302 ἐπὶ

369 1313 443 1355 τῶν
462 1313 596 1366 τομίων
626 1312 793 1365 κάπρου,
821 1311 888 1351 καὶ
915 1311 1036 1366 κριοῦ,
1059 1313 1123 1352 καὶ
1150 1313 1286 1369 ταύρου
1302 1347 1315 1366 ,
1339 1314 1405 1355 καὶ
1431 1315 1570 1356 τούτων
1600 1316 1635 1355 ε’-

368 1369 604 1423 σφαγμένων.
625 1365 739 1406 Plura
760 1365 848 1406 vide
863 1367 901 1406 in
918 1368 1023 1407 notis
1043 1367 1090 1406 ad
1102 1368 1350 1422 Appianum,
1364 1381 1450 1424 pag.
1473 1383 1550 1423 432
1573 1370 1633 1410 ed.
1670 1380 1678 1388 ·’
1710 1406 1711 1410 ,

370 1422 531 1463 Amstel.
557 1421 696 1460 Huns.
723 1419 1019 1474 Interpretatio,
1043 1435 1159 1475 quam
1193 1424 1232 1462 in
1259 1425 1356 1463 Var.
1390 1422 1493 1464 Le&
1517 1423 1635 1464 habet
1706 1431 1707 1434 ’

366 1476 543 1517 Hudson.
562 1474 616 1514 est
631 1487 654 1514 e
675 1473 822 1515 Budaei
844 1473 1110 1516 Commentar.
1133 1476 1239 1530 Ling.
1261 1477 1333 1519 Gr.
1351 1490 1401 1538 pa
1429 1507 1438 1516 .
1456 1476 1548 1528 626,
1593 1479 1635 1518 ui

367 1531 466 1572 haec
493 1543 516 1571 e
551 1527 798 1584 quorundam
829 1527 1014 1569 sententia
1041 1527 1117 1582 ἱερὰ,
1136 1531 1273 1571 τέλεια
1294 1531 1369 1572 dict
1397 1490 1535 1572 {get-ibit.
1611 1532 1636 1571 d

365 1594 456 1626 cum
483 1585 562 1625 hoc
590 1595 803 1624 commune
824 1581 940 1623 fuerit
964 1585 1144 1624 omnibus
1171 1584 1312 1632 sacris,
1331 1598 1381 1625 ne
1463 1585 1502 1625 id
1521 1585 1559 1624 in
1586 1586 1636 1627 iis

365 1639 544 1680 mutilum
560 1668 572 1686 ‚
597 1637 659 1678 sed
686 1638 819 1678 omnia
842 1637 993 1690 integra
1010 1650 1055 1678 ac
1070 1636 1238 1691 perfecta
1264 1638 1349 1680 Diis
1372 1652 1399 1680 o
1429 1649 1634 1687 errentur,

361 1705 412 1736 ,ut
436 1707 485 1734 ex
506 1691 716 1733 Aristotele
740 1690 856 1731 refert
878 1691 1105 1732 Athenaeus
1135 1693 1230 1742 XV,
1266 1706 1283 1747 ς
1298 1722 1313 1742 ,
1337 1694 1381 1735 &
1401 1693 1558 1734 Lucian.
1584 1693 1632 1734 de

367 1747 534 1790 Sacrific.
559 1761 596 1801 p.
625 1745 718 1800 368:
742 1746 1056 1794 στεφανώσαντες
1073 1748 1118 1786 τὶ
1139 1745 1243 1799 ζῶον,
1266 1746 1332 1787 καὶ
1354 1747 1454 1789 πολὺ
1469 1761 1524 1801 ’γε
1544 1747 1634 1801 πρό·
1704 1780 1706 1782 .

364 1817 465 1855 τερον
491 1800 749 1854 ἐξετάσαντες
769 1799 799 1839 εἰ
820 1799 967 1841 ἐντελὲς
994 1801 1073 1850 εἴη,
1103 1797 1168 1840 ’ίνα
1189 1800 1244 1852 μὴ
1268 1801 1340 1842 τῶν
1366 1798 1573 1856 οἱχρίιστων
1590 1815 1632 1842 τι

365 1855 678 1905 κατασφάττωσι
689 1854 847 1904 ;›verius
865 1853 942 1901 est,
961 1855 1068 1907 quod
1086 1854 1265 1895 Budaeus
1281 1854 1372 1895 ibid.
1386 1856 1494 1904 dicit,
1511 1854 1633 1896 Grae·

364 1911 420 1951 eis
442 1910 520 1964 ἱερὰ
537 1908 670 1949 τέλεια
688 1907 764 1949 effe
775 1938 790 1955 ,
812 1920 914 1962 quae
931 1908 1077 1948 Latinis
1094 1907 1182 1948 sunt
1193 1910 1334 1949 maiores
1353 1909 1396 1950 δι
1417 1909 1559 1950 eximiae
1571 1910 1635 1948 ho-

355 1965 468 2019 stiae:
498 1963 631 2018 quales
657 1961 768 2011 sunt,
796 1975 891 2016 quas
925 1972 1143 2003 memorant
1165 1962 1470 2014 Demosthenes,
1498 1962 1541 2003 δι
1566 1961 1631 2004 alii
1702 1996 1705 2003 .

366 2019 469 2074 apud
485 2019 605 2059 Henr.
619 2017 855 2071 Stephanum
870 2016 918 2056 ad
930 2016 1173 2071 Appianum,
1189 2018 1229 2058 &
1242 2017 1516 2065 hecatombae,
1561 2029 1634 2058 uas
1702 2022 1704 2063 ζ

364 2072 515 2114 τελείας
537 2071 675 2117 &va-lae
694 2082 815 2112 vocat
841 2071 1066 2112 Scholiastes
1090 2084 1237 2126 parvus
1262 2072 1430 2112 Homeri
1460 2072 1502 2111 in
1522 2071 1540 2112 Ι
1557 2071 1630 2112 ‘ad.

361 2127 413 2177 α,
436 2141 476 2168 ν.
504 2127 528 2167 6
558 2157 567 2167 .
596 2125 696 2165 Add.
720 2125 867 2166 Graev.
896 2125 943 2165 ad
970 2126 1128 2165 Luciani
1155 2124 1392 2180 Philopseud.
1427 2138 1512 2181 pag.
1539 2138 1630 2180 34¹·
1696 2145 1698 2147 >

361 2181 407 2221 In
428 2181 500 2222 hac
544 2180 697 2222 ormula
716 2189 846 2220 autem
873 2179 934 2220 alii
964 2180 1099 2220 dicunt
1118 2179 1206 2221 καθ’
1230 2178 1325 2233 ἱερῶν
1348 2179 1518 2225 τελείων,
1547 2177 1628 2220 fine
1700 2192 1701 2195 ’

362 2235 531 2276 articulo
559 2233 646 2275 τῶν.
669 2234 727 2274 Ita
754 2233 946 2274 Lucianus
969 2233 993 2273 1.
1022 2234 1058 2274 d.
1084 2233 1126 2274 δι
1147 2233 1308 2275 Timon.
1333 2245 1421 2288 pag.
1443 2247 1493 2285 71
1509 2263 1523 2281 ,
1543 2232 1631 2273 De·

361 2289 578 2331 mosthenes
596 2288 639 2328 δι
661 2287 880 2329 Andocides
902 2287 1005 2342 apud
1029 2288 1242 2328 Budaeum.
1264 2287 1399 2342 Itaque
1417 2287 1492 2328 τῶν
1515 2288 1630 2328 meri·
1695 2311 1699 2315 ·

359 2354 404 2385 to
430 2342 645 2398 suspestum
675 2342 806 2382 haberi
839 2341 990 2397 potest,
1024 2354 1115 2382 cum
1147 2339 1368 2402 praesertim
1388 2353 1412 2381 a
1438 2339 1631 2396 plerisque
1688 2391 1691 2393 μ

360 2397 446 2440 Mff.
473 2397 515 2439 &
539 2396 623 2438 edd.
643 2395 749 2437 abfit.
1696 2439 1698 2441 ι

412 2453 494 2494 ibid.
515 2450 704 2506 Ἐμμένω)
727 2449 867 2492 Portus
901 2447 1059 2504 ἑμμενῶ.
1091 2447 1233 2490 Noster
1259 2448 1339 2491 hoc
1369 2448 1492 2494 modo
1521 2447 1625 2490 alibi.
1701 2471 1707 2478 ·
