1728 3120
371 150 467 206 ςῳ
571 141 1438 194 ΑΝΝΟΤΑΤῙΟΝΕΞ

367 242 413 270 re
433 230 581 272 debent.
607 233 671 272 Ad
697 246 791 280 eos,
810 233 935 287 quiin
969 234 1066 274 Var.
1099 233 1202 274 Le&
1231 233 1475 275 Hudsoni'de
1499 236 1638 289 genere

370 282 582 326 Alcibiadis
601 286 854 341 scripserunt,
875 287 957 327 add.
981 286 1227 340 Xylandrum
1250 288 1297 328 ad
1315 288 1511 330 Plutarchi
1531 291 1639 331 Alci-

368 335 522 378 biadem
541 341 580 379 in
602 342 721 395 princ.

426 396 502 432 ead.
524 394 548 433 l.
578 408 637 444 14.
667 390 719 435 Οὐ
742 394 939 448 βεβαίους)
963 394 1134 443 Portus,
1158 411 1227 435 non
1252 397 1438 449 conflantes
1450 411 1468 444 ‚·
1498 395 1638 447 Valla,

369 445 545 487 invalidos
564 449 695 488 vertit.
721 449 863 489 Melius
882 449 1096 502 Stephanus
1110 480 1123 498 ,
1143 466 1211 490 non
1234 449 1296 502 effi
1316 461 1425 490 tutam
1440 452 1546 501 fidem
1564 453 1637 492 La·
1712 485 1718 501 ,

370 502 593 541 cedaemoniis
603 518 620 550 ,-
643 502 685 542 &
712 502 901 551 Aeacius,
925 503 1014 542 nibil
1030 505 1115 556 fidei
1139 504 1412 544 Lacedaemoniis
1434 505 1634 546 habendum.

370 553 438 593 Sic
456 554 545 595 alibi
562 569 666 596 voce
679 556 826 602 βέβαιος
845 557 968 612 utitur
986 557 1248 610 Thucydides.
1274 556 1332 603 11,
1360 570 1456 597 102:
1476 554 1639 612 ’Άνέριις

370 608 415 647 οὐ
439 606 644 664 δοκοῦντας
666 609 836 656 βεβαίους
853 611 952 650 εἶναι
977 607 1184 663 ἐξήλασαν.
1210 610 1286 659 111,
1318 625 1360 651 11
1379 623 1391 651 ι
1415 611 1638 666 naama-repo«

369 659 418 701 ἂν
436 657 522 711 ἡμῖν
545 664 638 704 ἦσαν
658 662 780 715 μηθὲν
798 663 1004 717 νεωτεριεῖν.
1424 687 1426 689 -

427 719 503 756 ead.
525 717 551 755 l.
575 730 637 769 15.
655 718 760 762 Ἀλλ’
778 714 840 758 ἵνα,
861 717 1048 770 Ἀργείους
1068 716 1170 768 σφίσι
1191 715 1437 769 σπεισάμενοι
1459 717 1638 774 ἐξέλωσι)

371 767 490 808 Valla
517 771 670 824 putavit
698 770 951 826 supplendum
984 772 1109 822 σφίσι,
1138 773 1179 812 &
1204 783 1413 826 utrumque
1442 773 1489 812 ad
1511 772 1638 815 Athe-

370 822 521 864 nienses
542 825 696 864 retulit:
718 838 810 865 nam
831 827 970 874 vertit,
990 841 1030 865 ea
1059 826 1163 877 caufiz
1188 841 1262 865 cum
1283 827 1543 878 Athenienfihus
1556 826 1638 877 foe-

371 878 453 916 dera
473 879 683 932 percuffiffi,
707 891 747 918 ut
764 895 826 932 per
846 880 929 919 lzaec
955 881 999 918 ab
1021 880 1069 919 eis
1090 880 1244 932 Argivos
1268 881 1475 920 abducerent.
1500 881 1639 920 Anno·
1676 921 1679 923 .

372 941 429 970 tat
443 930 493 971 ibi
508 933 628 972 Henr.
648 932 864 987 Stephanus
875 933 916 973 in
933 929 1056 987 inarg.
1074 933 1162 981 vel,
1178 949 1252 974 cum
1271 934 1430 986 Argivis.
1450 935 1540 974 Hoc
1556 935 1641 988 pla-

371 986 455 1024 cuit
482 985 603 1026 Porto
621 1017 636 1034 ,
664 987 735 1041 qui
756 988 802 1029 &
821 987 975 1039 ἐξέλωσι
999 987 1116 1041 paulo
1143 986 1256 1027 aliter
1304 1000 1392 1027 uam
1411 987 1526 1027 Valla
1540 1017 1550 1035 ‚
1574 987 1638 1029 sed

372 1039 508 1080 eadem
527 1039 732 1087 sententia,
749 1042 878 1082 vertit.
898 1041 997 1081 Mihi
1013 1041 1264 1092 Thncydides
1313 1053 1362 1081 oc
1385 1041 1536 1081 videtur
1557 1042 1641 1084 vel-
1708 1040 1710 1042 ’

372 1091 434 1133 le:
453 1093 691 1135 Alcibiadem
714 1095 789 1134 iam
811 1105 920 1143 tum,
946 1108 1037 1135 cum
1070 1095 1245 1135 induciae
1271 1095 1546 1149 quinquaginta
1570 1108 1640 1135 an-

373 1159 516 1188 norum
535 1147 695 1198 fiebant,
706 1149 752 1189 iis
772 1147 810 1188 se
829 1148 1060 1203 opposuiffe,
1082 1162 1128 1189 ac
1150 1147 1294 1196 dixisse,
1311 1149 1642 1190 Lacedaemonios

372 1213 425 1240 eo
448 1202 611 1243 consilio
630 1215 721 1244 cum
737 1202 1034 1246 Atheniensibus
1052 1201 1212 1256 pacisci,
1231 1213 1275 1243 ut
1296 1201 1450 1243 foedere
1472 1216 1561 1243 cum
1583 1204 1642 1244 his
1706 1204 1708 1206 ’

372 1253 479 1296 facio
499 1257 671 1311 Argivos
683 1255 753 1297 sub
767 1256 994 1311 potestatem
1006 1257 1240 1316 redigerent,
1254 1269 1299 1297 ac
1316 1257 1450 1298 deinde
1466 1256 1540 1297 illis
1555 1256 1643 1297 sub·

371 1310 470 1350 affls
489 1309 740 1352 Athenienses
769 1311 1076 1365 aggrederentur.
1107 1309 1280 1363 Ἐξαιρεῖν
1304 1310 1406 1365 apud
1436 1311 1642 1364 Thucydi-

372 1363 462 1403 dem
482 1363 593 1419 saepe
619 1363 674 1406 est
696 1379 912 1434 expuffnare,
932 1380 1045 1420 capere
1057 1394 1069 1411 ‚
1092 1378 1240 1405 evertere.
1263 1364 1341 1413 ΙΙΙ,
1361 1379 1376 1404 1
1388 1379 1431 1418 13
1446 1381 1455 1406 :
1471 1363 1644 1418 Ἀμπροι-

374 1417 461 1459 κίοιν
482 1420 611 1470 μέντοι
639 1414 754 1468 ossac,
777 1419 835 1458 ὃτι
864 1419 894 1459 εί
919 1414 1162 1465 ἐβουλῆθησοιν
1191 1417 1401 1472 Ἀκαρνᾶνες
1425 1419 1490 1458 κα.)
1513 1418 1644 1470 Ἀμφί-

372 1483 420 1512 zo
462 1488 492 1512 οι
519 1496 564 1506 --
587 1472 754 1526 ἐξελεῖν,
777 1467 948 1520 adroges>
980 1471 1026 1513 ἐὶν
1054 1469 1161 1513 ε’ίλον.
1185 1471 1261 1520 IV,
1287 1473 1355 1526 69:
1384 1471 1454 1513 Την
1484 1473 1643 1515 Nimim
1696 1478 1708 1484 ⁹

372 1486 475 1566 ⁶:3⁰³&
500 1527 797 1582 περιετείχιζον,
823 1527 1026 1579 νομίζοντες
1057 1526 1112 1574 εἰ,
1135 1527 1219 1580 πρὶν
1245 1524 1488 1573 ἑπιβοηθῆσοιί
1507 1541 1639 1577 τινας,

373 1579 559 1632 ἐξέλοιεν,
577 1581 720 1622 θᾶσσον
742 1579 788 1621 ἐὶν
807 1581 874 1621 καὶ
894 1583 951 1621 τὰ,
976 1580 1144 1634 Μέγαιρα
1172 1579 1457 1635 προσχωρῆσαι.
1479 1579 1528 1620 Et
1546 1580 1638 1621 ibid.

379 1648 480 1676 122:
506 1631 695 1686 Ψηφισμέο
716 1635 753 1674 τ’
770 1630 870 1675 εὐθὺς
893 1633 1114 1676 ἐποιήσαντο
1130 1657 1176 1665 -
1193 1634 1415 1675 Σκιωναίους
1435 1631 1573 1686 ἐξελεῖν
1594 1649 1639 1675 τε
1676 1671 1679 1683 ,

373 1688 442 1729 καὶ
469 1688 708 1730 ἀποκτεῖναι.
737 1689 787 1730 Et
807 1689 905 1729 hanc
934 1688 1009 1729 effe
1033 1687 1257 1729 sententiam
1281 1688 1394 1729 huius
1418 1687 1497 1728 loci
1526 1689 1642 1730 etiam
1691 1702 1694 1705 ’

373 1743 530 1798 putavit
551 1743 744 1792 Aeacius,
767 1744 837 1798 qui
861 1742 999 1796 ἐξελεῖν
1020 1743 1137 1782 vertit
1152 1744 1357 1796 perdomare.

429 1797 523 1850 Pag.
545 1811 632 1848 274.
649 1798 673 1836 l.
705 1811 765 1850 13.
790 1796 905 1838 Πόλιν
926 1811 971 1837 τε
998 1796 1105 1846 σφίσι
1132 1795 1296 1850 φιλίαν)
1319 1795 1494 1837 Thomas
1512 1796 1642 1851 Magi·

373 1849 473 1893 ster:
498 1850 620 1904 φίλιος
642 1851 780 1906 ἀγρος,
807 1850 874 1890 κα.)
900 1850 1022 1903 φίλιος
1051 1849 1177 1890 πόλις.
1197 1848 1431 1890 Θουκυὸίέης
1455 1849 1501 1889 ἑὲ
1527 1851 1642 1903 φιλίαι

373 1905 490 1946 πόλις
512 1905 634 1960 λέγει·
659 1905 755 1957 φησὶ
773 1906 875 1959 γᾶς,
896 1903 1098 1956 νομίζοντες
1119 1903 1231 1945 πόλιν
1252 1918 1298 1943 τε
1316 1904 1442 1953 σφίσιν
1463 1904 1543 1943 ἀπο
1560 1920 1644 1945 ποι-

371 1957 482 1999 λοιιοῦ
500 1959 644 2012 φιλίων.
662 1959 844 1999 τουτέστι
865 1958 990 2011 φίλην.
1017 1958 1183 1998 Videtur
1205 1957 1330 2008 velle,
1352 1957 1550 1998 dicendum
1568 1957 1643 1999 effe

371 2012 392 2052 ὃ
416 2013 483 2053 noe}
516 2010 536 2056 ri
563 2013 717 2064 φίλιος,
743 2012 786 2053 δι
821 2012 860 2052 in
887 2012 1120 2065 Thucydide
1143 2009 1164 2052 ὗ
1187 2010 1299 2064 φιλίαι
1322 2024 1507 2065 tanquam
1540 2011 1646 2053 inso-

371 2066 539 2115 lentius,
555 2067 598 2109 &
622 2067 657 2111 ei
672 2067 883 2121 peculiare,
906 2077 1103 2106 annotare.
1119 2065 1368 2118 Thucydides
1385 2066 1538 2119 quidem
1559 2078 1645 2106 cre-

373 2120 449 2161 bro
472 2122 526 2161 ita
551 2121 748 2175 loquitur,
771 2120 854 2168 111,
883 2120 953 2174 58,
974 2120 1085 2175 χώρει
1101 2119 1239 2173 φιλίαι,
1263 2119 1306 2160 &
1325 2117 1382 2174 γῖῐ
1398 2119 1540 2171 φιλίαι,
1565 2119 1645 2168 IV,
1704 2126 1705 2129 ’

375 2188 475 2224 120,
496 2174 636 2229 τριήρης
647 2175 784 2227 φιλίοις
798 2174 861 2216 sed
879 2187 960 2214 non
979 2173 1106 2220 solus,
1126 2184 1171 2214 ut
1190 2172 1255 2214 vel
1272 2187 1295 2214 e
1316 2173 1462 2214 Lexicis
1481 2173 1644 2215 constat.
1703 2194 1705 2199 ⁴

429 2229 524 2282 Pag.
549 2229 638 2280 276.
655 2230 679 2268 l.
703 2243 738 2269 2.
751 2227 962 2282 Ἀπωσὲιῇ)
977 2228 1037 2269 Sic
1055 2228 1179 2281 Marg.
1195 2227 1235 2267 δι
1249 2226 1376 2268 Schol.
1394 2226 1449 2267 Ita
1470 2226 1561 2266 alibi
1575 2240 1647 2268 no—
1700 2237 1702 2242 ’

374 2281 462 2325 ster.
486 2292 600 2323 antea
631 2281 791 2333 ’τοο-τῇ.
818 2282 872 2322 D.
899 2282 1024 2324 Halic.
1052 2282 1157 2328 Vll,
1180 2280 1286 2330 466,
1313 2279 1555 2321 ἀπώσασῧοιι
1583 2281 1646 2333 φί.

374 2349 450 2379 λων
469 2335 607 2379 ἓέησιν.
666 2348 824 2376 omerus
837 2334 882 2376 Il.
903 2335 962 2387 μ’,
989 2336 1088 2384 276,
1106 2334 1232 2374 Νεῖκος
1254 2335 1540 2384 ἀπωσαμένους.
1563 2334 1648 2376 De-

373 2390 516 2434 mosth.
540 2389 596 2432 Ol
626 2390 706 2431 nth.
725 2388 770 2439 Ῑ,
794 2388 978 2430 ἅπαντας
998 2387 1154 2436 βοηθεῖν,
1172 2388 1239 2428 xa}
1261 2386 1421 2428 ἀπωθεῖν
1443 2387 1564 2428 ἐκεῖσε
1585 2391 1650 2430 τὴν
1694 2383 1696 2387 ’
1725 2418 1728 2423 .

376 2444 559 2499 πόλεμον.
617 2443 697 2486 lato
716 2443 831 2487 Polit.
860 2443 919 2497 11,
939 2445 998 2484 Τέι
1019 2441 1062 2498 ἐξ
1093 2441 1251 2486 &enias
1272 2441 1384 2497 κέρδη
1410 2441 1655 2495 ἀπωσόμεθα.
1703 2479 1717 2515 ⁴.
