1728 3120
346 200 448 252 '286
642 195 1331 248 THUCYDIDIS

349 297 478 389 μναῖ,
501 316 646 364 ωσπερ
666 299 684 346 ὁ
705 293 823 363 νόμος
847 290 954 358 ἔχει.
974 294 1308 364 Λακεδαιμόνιοι
1330 285 1395 350 δε,
1412 289 1619 368 πρέσβεις

350 370 632 444 πέμψαντες,
653 368 882 436 αντ-ἔλεγον
898 396 960 441 μη
985 371 1156 430 δικαίως
1175 371 1303 432 σφων
1326 371 1618 424 καταδεδικα-

349 450 497 505 σθαι,
514 445 714 513 λέγοντες
732 473 796 519 μη
817 443 1096 513 ἐπηγγελθαι
1120 449 1215 500 ποτ’
1238 451 1277 506 ἐς
1301 448 1619 539 Λακεδαίμονα

348 549 433 584 τας
451 522 747 583 σπονδας,”οτ’
767 520 1028 594 ἐσέπεμψαν
1049 548 1142 582 τους
1161 527 1362 582 ὁπλίτας.
1390 523 1556 577 Ἠλεῖοι
1575 516 1621 577 <k

348 627 422 663 την
449 625 543 669 παρ
583 603 723 658 αὐτοῖς
749 601 977 673 ἐκεχειρίαν
1006 597 1114 660 ηὸη’
1104 596 1282 662 ἔφασαν
1303 600 1416 654 εἶναι.
1442 620 1619 672 πρωτοιζ

348 702 444 747 γαρ
473 683 625 740 σφίσιν
661 679 800 734 αὐτοῖς
828 672 1193 741 ἐπαγγέλλουσι,
1221 700 1300 729 και
1325 676 1619 741 ἡσυχαζόντων

348 754 500 819 σφων,
525 777 602 805 και
632 755 676 805 οὐ
701 749 1114 842 προσδεχομένων,“
1087 775 1142 810 ως
1160 754 1199 806 ὲν
1225 754 1446 811 σπονδαῖς,
1468 750 1619 812 αὐτους
1669 807 1676 809 ,
1722 779 1723 782 ’

348 834 493 886 λαθεῖν
521 825 827 890 ἀδικήσαντας.
854 834 887 880 οἱ
911 821 958 879 δε
980 828 1313 899 Λακεδαιμόνιοι
1333 828 1619 901 ὑπελαμβα-

349 933 430 963 νον,
450 910 494 958 οὐ
513 928 643 978 χρεων
666 903 765 957 εἶναι
785 927 935 962 αυτους
954 906 1238 970 ἒπαγγεῖλαι
1257 902 1314 958 ἒτι
1334 907 1374 963 ἐς
1388 905 1619 957 Λακεδαί-

349 1007 486 1058 μονα,
515 990 549 1034 εἰ
575 981 727 1033 &dinem
754 1003 811 1046 γε
839 978 910 1042 min
935 979 1107 1076 ἒνὸμιζον
1129 1004 1299 1042 αυτους,
1321 985 1434 1033 ἀλλ’
1462 985 1544 1045 οὐχ
1565 984 1621 1041 ὡς

349 1064 583 1130 νομίζοντας
596 1058 713 1110 τοῧτο
733 1058 910 1146 ὃμοια-αι,
928 1079 1006 1108 και
1027 1055 1085 1108 ὁπ
1046 1070 1153 1109 πλα
1174 1055 1425 1129 οὗδαμὸσε
1402 1079 1461 1110 ira
1479 1061 1619 1116 αὐτοις

349 1138 603 1201 ἐπενεγκεῖν.
629 1133 795 1186 Ἠλεῖοι
817 1124 861 1185 δε
879 1133 949 1185 τοῧ
968 1133 1099 1185 αὐτοῦ
1117 1133 1253 1199 λογου
1276 1156 1451 1198 ειχοντο,
1471 1135 1526 1192 ὡς
1543 1156 1621 1203 μεν

347 1219 427 1267 οὐκ
444 1211 661 1282 αὸικρῧο-ι,
677 1234 742 1281 μη
763 1205 815 1263 αν
829 1207 1081 1271 πεισθῆναι·
1110 1217 1143 1262 εἰ
1167 1202 1214 1262 δε
1233 1207 1463 1273 βούλονται
1481 1216 1618 1275 σφίσι

344 1371 386 1411 in
410 1365 581 1422 fingui0s
605 1365 746 1406 milites
769 1375 942 1406 armatos
969 1365 1082 1406 binae
1106 1365 1263 1417 minae,
1291 1366 1621 1420 quemadmodum

343 1442 432 1494 lege
462 1436 696 1479 continetur.
722 1433 1017 1475 Lacedaemonii
1045 1447 1146 1475 vero
1159 1465 1172 1484 ‚
1201 1433 1316 1476 rniffis
1340 1434 1495 1489 legatis,
1516 1449 1621 1477 con-

342 1504 605 1552 tradicebant,
627 1513 812 1557 negantes
824 1534 836 1552 ,
855 1502 894 1544 se
910 1502 1006 1543 iuste
1027 1503 1327 1554 condemnatos,
1346 1505 1490 1560 quippe
1510 1505 1619 1563 quod

342 1578 482 1620 foedus
511 1575 825 1617 Lacedaemoniis
852 1576 1029 1621 nondum
1051 1576 1322 1617 denuntiatum
1348 1575 1495 1625 sufflet,
1526 1590 1617 1618 cum

342 1648 438 1689 suos
459 1646 597 1687 milites
612 1656 785 1687 armatos
802 1645 894 1687 illuc
915 1645 1167 1687 immiserunt.
1193 1647 1275 1688 Elei
1294 1659 1394 1689 vero
1417 1647 1620 1698 dicebant,

343 1718 518 1760 inducias
541 1716 648 1771 apud
672 1715 711 1756 se
732 1716 809 1756 iam
825 1715 948 1757 fuiffe.
971 1716 1048 1757 Sibi
1074 1713 1177 1758 enim
1198 1715 1286 1772 ipsis
1311 1716 1442 1771 primis
1463 1717 1534 1758 has
1560 1718 1623 1757 in·

342 1791 474 1832 ducias
497 1789 713 1829 indixerant
726 1819 739 1838 ,
763 1789 806 1829 &
828 1787 866 1828 se
884 1787 1190 1842 quiescentibus,
1204 1801 1333 1843 neque
1346 1789 1422 1830 tale
1440 1789 1532 1843 quid
1551 1803 1620 1830 ex-

340 1858 628 1916 spe&antibus,
653 1867 792 1911 utpote
817 1855 982 1898 foederis
1002 1868 1180 1912 tempore
1193 1890 1206 1908 ,
1232 1856 1335 1913 ipsos
1358 1858 1617 1901 Lacedaemo-

341 1931 430 1972 nios
449 1930 548 1971 clam
569 1928 752 1972 iniuriam
775 1927 845 1968 fibi
866 1926 992 1969 feciss‘e
1012 1929 1200 1970 dicebant.
1225 1918 1520 1970 lacedaemonii
1545 1944 1618 1971 ve-

341 2013 393 2041 ro
419 1999 660 2054 excipiebant
673 2029 686 2049 ‚
717 2008 837 2052 atque
863 1997 936 2038 illis
963 1996 1270 2052 respondebant,
1301 2008 1385 2038 non
1414 1996 1503 2039 solis
1534 1998 1616 2052 agri

342 2069 426 2112 Elei
446 2069 586 2110 incolis
615 2068 684 2109 has
707 2067 876 2108 inducias
903 2066 1118 2108 indicendas
1146 2065 1277 2108 fuiss'e:
1307 2066 1372 2108 sed
1400 2067 1614 2122 oportuiss'e

338 2144 457 2185 etiam
481 2141 584 2196 ipsos
603 2139 720 2180 Eleos
746 2139 1059 2180 Lacedaemoniis
1081 2139 1331 2186 denuntiare,
1356 2137 1386 2178 fi
1404 2149 1498 2180 tunc
1518 2139 1616 2180 iniu-

339 2215 440 2255 riam
469 2212 540 2253 fibi
562 2212 611 2253 ab
635 2210 723 2266 ipsis
750 2211 1070 2253 Lacedaemoniis
1091 2210 1177 2252 fieri
1203 2211 1415 2266 putabant,
1438 2224 1520 2252 non
1545 2225 1615 2254 au·

340 2299 420 2330 tem
433 2318 445 2338 ,
469 2286 578 2342 quod
600 2285 902 2334 arbitrarentur,
920 2285 998 2325 hoc
1021 2284 1172 2334 facere,
1194 2284 1236 2324 &
1255 2283 1554 2338 promittebant,
1574 2284 1614 2327 se

338 2358 448 2400 nulla
466 2370 576 2399 arma
592 2358 632 2398 in
653 2356 851 2414 posterum
866 2355 964 2413 jpfis
983 2355 1173 2397 illaturos.
1194 2355 1276 2397 Elei
1298 2369 1399 2399 vero
1419 2357 1459 2397 in
1479 2358 1614 2399 eadem

339 2428 524 2470 sententia
549 2427 789 2484 perstabant,
814 2427 1002 2477 dicentes,
1026 2425 1065 2468 se
1089 2439 1288 2482 nunquam
1307 2425 1515 2468 adductum
1542 2427 1612 2479 iri,

339 2511 388 2544 ut
412 2499 486 2545 sibi
509 2499 654 2543 nullam
678 2498 861 2541 iniuriam
881 2509 904 2540 a
925 2497 1240 2542 Lacedaemoniis
1266 2496 1406 2543 saetam
1427 2495 1503 2543 effe
1530 2509 1613 2544 cre—
