1728 3120
346 237 437 298 148
631 233 1323 283 THUCYDIDIS

339 326 546 393 Μηλιέως
565 328 732 383 κόλπου
749 327 1005 389 ακοντιστας
1022 351 1101 382 και
1085 328 1419 394 σφενδονητας,
1434 353 1511 385 και
1490 329 1612 397 βε-
1635 363 1638 368 ·

341 406 599 471 βοηθηκοτων
618 410 758 464 αὐτοις
770 403 890 477 μετα
907 431 974 468 την
993 407 1168 474 μάχην,
1186 407 1395 480 Κορινθίων
1406 431 1451 460 τε
1466 409 1611 473 δισχι-

338 489 439 536 λιων
458 483 664 539 ὁπλιτων,
692 506 769 535 και
792 506 871 534 των
897 485 946 534 ἐκ
969 485 1166 541 Νισαίας
1190 483 1490 546 ἐξεληλυθότων
1508 486 1610 539 Πε-

339 566 611 651 λοποννηο-ίων
636 556 838 631 φρουρων,
864 558 943 610 καὶ
966 555 1264 649 Μεγαρέων
1236 582 1366 630 αμα,
1388 561 1612 634 ἐστράτευ-

337 658 421 688 σαν
452 634 523 687 ἐστι
552 659 597 688 το
627 634 811 696 Δηλιον,
843 657 921 686 και
949 632 1224 707 προσέβαλον
1248 636 1311 707 τῷ
1313 642 1610 727 τειχίσματι.

337 712 475 783 ἂλλῳ
499 734 544 763 τε
571 733 713 783 τροπω
732 731 1035 781 πειρασαντες,
1055 733 1133 762 και
1161 734 1357 781 μηχανην
1378 736 1611 785 προσηγα-

339 811 436 854 γον,
459 785 562 854 {ime
590 785 696 839 εἶλεν
726 782 853 842 αὐτο,
873 786 1044 839 τοιανὸε·
1072 793 1246 883 κεραίαν
1271 787 1476 858 μεγαλην
1502 789 1611 852 δίχα

337 871 583 954 πρίσαντες,
615 865 835 915 ἑκοίλαναν
862 859 1074 918 ἄποια-αν,
1093 886 1170 914 και
1194 861 1450 933 ξυνηρμοσαν
1470 864 1614 919 παλιν
1669 906 1673 910 .

334 936 577 1031 ἀκριβως
546 960 690 1007 ωσπερ
709 938 853 990 αὐλόν.
875 961 955 990 και
988 939 1055 990 ἐπ’
1075 937 1212 1030 ἂκραν
1230 935 1406 1001 λέβητα
1426 962 1471 992 τε
1491 964 1610 1013 ηρτη-

335 1039 419 1069 σαν
439 1011 649 1070 αλυσεσι,
672 1038 750 1067 και
774 1011 1029 1109 ἰικροφυσ-ιον
1051 1010 1144 1066 ἀπο
1159 1039 1230 1075 της
1242 1020 1414 1111 κεραίας
1426 1017 1610 1107 σιδηροῦν

337 1095 377 1151 ἐς
407 1088 528 1144 αὐτον
552 1091 654 1144 νεῧον
679 1093 870 1146 καθεῖτο,
895 1113 974 1142 και
1001 1087 1297 1180 εο-εσιὸηρωτο’
1287 1113 1357 1143 εστι
1381 1090 1512 1161 μέγα
1527 1116 1609 1145 και

332 1169 403 1222 τοῧ
429 1167 576 1220 ἂλλου
599 1164 743 1230 ξυλου.
768 1189 1002 1255 προσηγον
1000 1158 1077 1218 ὃε’
1066 1189 1116 1218 εκ
1136 1167 1308 1219 πολλου
1330 1167 1529 1239 αμοίξαις
1545 1169 1608 1240 τῷ

332 1251 491 1309 τείχει,
518 1244 542 1310 ᾖ
559 1243 771 1314 μαλιστα
793 1246 842 1308 τῇ
868 1239 1068 1315 ἀμπελῳ
1088 1265 1166 1295 και
1187 1246 1269 1302 τοῖς
1291 1241 1432 1308 ξύλοις
1456 1245 1610 1298 aim&-

332 1410 528 1452 latoribus
553 1409 596 1450 δι
619 1408 902 1457 funditoribus,
929 1421 1019 1450 cum
1042 1408 1124 1450 duo
1150 1421 1312 1463 quoque
1334 1409 1465 1463 gravis
1484 1422 1612 1451 arma-

333 1494 446 1524 turae
466 1482 632 1522 militum
646 1479 942 1522 Corinthiorum
963 1478 1100 1529 millia,
1119 1480 1205 1534 post
1216 1479 1407 1534 proelium
1429 1478 1611 1521 commis-

332 1551 416 1593 sum
429 1583 441 1600 ‚
463 1551 612 1593 auxilio
633 1550 721 1605 ipsis
745 1550 933 1593 veniffent
947 1581 959 1600 ,
992 1549 1035 1591 &
1062 1549 1290 1605 praesidiarii
1311 1548 1613 1605 Peloponnesio·

333 1637 424 1664 rum
448 1622 610 1673 milites,
633 1622 702 1677 qui
727 1634 776 1662 ex
801 1619 941 1662 Nisaea
971 1620 1020 1660 ab
1038 1619 1337 1662 Atheniensibus
1359 1633 1428 1676 per
1452 1620 1612 1661 deditio-

291 1695 295 1701 '
332 1705 423 1733 nem
445 1703 558 1746 capta
587 1690 846 1740 discefferant‚
869 1690 914 1730 δι
936 1687 1181 1743 Megarenses
1202 1702 1280 1730 una
1303 1696 1392 1730 cum
1417 1688 1526 1744 ipfis,
1544 1688 1610 1729 ad·

333 1762 468 1804 versus
482 1762 640 1803 Delium
667 1760 788 1802 castra
807 1770 1044 1810 moverunt,
1064 1760 1107 1801 δι
1130 1760 1386 1801 munitionem
1410 1771 1610 1814 oppugna-

331 1844 376 1872 re
399 1841 638 1886 coeperunt:
665 1829 706 1869 δε
728 1842 820 1869 cum
838 1828 916 1869 alio
938 1826 1243 1883 oppugnationis
1261 1839 1404 1881 genere
1425 1840 1511 1867 eam
1531 1838 1612 1868 ten·

330 1912 491 1950 tarum,
517 1912 600 1942 tum
629 1901 744 1942 etiam
767 1900 1010 1949 machinam,
1033 1911 1134 1953 quae
1165 1911 1251 1939 eam
1275 1897 1396 1952 cepit,
1423 1897 1610 1939 admove-

332 1983 426 2013 runt
441 2003 452 2020 ,
477 1971 580 2012 hunc
607 1971 646 2011 in
676 1970 838 2012 modum
863 1969 1014 2010 factam.
1047 1969 1153 2011 Cum
1179 1969 1375 2022 ingentem
1399 1978 1607 2008 antennam

332 2039 373 2080 in
394 2039 488 2081 duas
508 2052 635 2094 partes
651 2038 870 2089 secuissem,
889 2052 1048 2080 omnem
1065 2049 1326 2088 excavarunt,
1339 2035 1505 2092 eamque
1521 2051 1609 2078 rur-

333 2109 398 2151 sus
418 2122 462 2151 ut
477 2110 644 2151 fistulam
668 2121 756 2166 apte
774 2109 1051 2151 commiserunt
1063 2142 1075 2160 ,
1092 2110 1134 2151 δι
1153 2109 1192 2150 in
1218 2108 1297 2164 ipsa
1317 2118 1489 2149 extrema
1501 2107 1607 2148 lebe-

334 2190 413 2220 tem
434 2180 579 2221 catenis
602 2180 891 2235 appenderunt,
926 2181 969 2222 δι
995 2181 1120 2222 fistula
1148 2191 1232 2222 tota
1253 2180 1377 2222 ferrea
1397 2179 1446 2220 ad
1467 2179 1604 2220 flatum

330 2247 531 2298 ciendum,
554 2261 604 2288 ex
628 2258 799 2289 antenna
815 2249 1061 2302 prominens,
1082 2250 1122 2289 in
1141 2248 1267 2303 ipsum
1287 2248 1454 2289 lebetem
1471 2247 1625 2288 demit-·
1692 2268 1696 2270 -

328 2316 506 2366 rebatur,
530 2316 571 2357 &
591 2328 757 2357 antenna
775 2330 954 2370 magnam
976 2318 1090 2357 etiam
1107 2317 1244 2372 reliqui
1262 2317 1356 2371 ligni
1369 2326 1518 2371 partem
1529 2315 1606 2356 fer-

331 2395 380 2422 ro
407 2383 689 2436 praemunitam
710 2382 890 2422 habebat.
915 2383 1029 2423 Hanc
1052 2394 1181 2423 autem
1201 2383 1418 2424 machinam
1440 2395 1491 2424 ex
1515 2382 1604 2423 lon-

330 2452 480 2507 ginquo
513 2451 636 2507 spatio
673 2454 790 2494 carris
823 2451 1025 2493 adve&am
1060 2454 1322 2494 admoverunt
1354 2465 1490 2502 muro,
1524 2465 1605 2505 qua

332 2532 445 2576 parte
456 2522 693 2578 potiffimum
715 2523 859 2565 vitibus
873 2521 1057 2578 lignisque
1079 2522 1319 2564 construRus
1335 2533 1430 2574 erat.
1450 2522 1497 2563 Et
1513 2534 1605 2563 cum
1668 2527 1687 2548 ·”

1717 645 1728 709 *dm-
1712 438 1728 627 mnu-*amna
1716 388 1728 421 τ’,
1722 366 1725 372 -

1712 714 1728 835 ‘saumae-5

1706 1102 1728 1159 ”532³
1715 1067 1723 1091 ³2⁴·
1707 1045 1728 1059 ’.γ
1710 910 1728 1036 ῑ’·(·θ“ἶὲ..ἰῖ
1714 839 1728 899 ιιι-»Υ
