1728 3120
343 167 433 234 568
543 124 1063 216 ANNOTATIONES'
1090 169 1161 217 IN
1194 170 1310 218 LIB.
1343 171 1402 220 V.

336 256 495 299 iun&i1n
525 255 721 307 scribunt,
746 258 804 299 uti
828 258 870 299 &
903 257 1021 307 VIII,
1053 272 1106 310 70
1131 259 1230 315 Reg.
1255 259 1376 309 VIII,
1403 272 1479 303 100
1502 260 1604 303 Cass.

338 312 439 366 Reg.
464 312 611 354 Graev.
636 313 762 354 Aliter
785 312 865 354 fere
889 314 1016 354 ceteri.
1044 316 1191 354 WAss.

392 368 474 407 ibid.
497 365 812 421 Πολιορκοὺμενοι)
835 365 1116 422 Πολιορκοῦντες
1148 367 1271 419 Λιμῷ,
1293 368 1419 422 inquit
1435 367 1607 422 Hesych.

336 414 496 463 laudaro
519 420 741 474 Thucydid.
765 421 867 462 unde
899 421 1154 476 proverbium
1183 421 1286 473 Λιμῷ
1311 423 1439 474 Μηλίῳ
1459 434 1607 464 natum.

340 475 443 516 idem
462 474 542 516 fere
561 473 687 515 Schol.
706 473 900 528 Aristoph.
920 475 1018 528 λιμῷ
1039 476 1292 524 ἐπείσθησαν,
1307 473 1356 516 ὣς
1381 475 1546 517 Gonnus.
1572 477 1609 516 ἐν

339 528 390 580 ’τῇ
408 529 582 581 πέμπτῃ.
605 528 653 569 ad
674 528 769 568 haec
787 527 838 567 ”O
859 543 888 569 ν.
913 529 1008 576 186,
1022 528 1130 570 θεοὺς
1148 529 1335 570 ἀπολεῖτε
1354 529 1454 583 λιμῷ
1467 530 1607 581 Μηλίῳ.

340 583 419 624 hoc
444 582 588 624 factum
611 595 636 622 a
661 582 774 623 Nicia
796 595 817 621 a
848 582 919 622 erit
947 582 1076 623 Schol.
1099 583 1172 624 Sed
1193 585 1239 624 de
1263 583 1375 631 Nicia
1397 584 1502 625 nulla
1524 583 1612 639 post

340 651 474 692 pacem
495 637 553 683 V,
578 650 652 691 32,
679 637 846 684 mentio,
870 648 996 690 neque
1025 646 1136 677 extra
1157 639 1294 678 urbem
1324 651 1416 679 cum
1444 638 1610 692 imperio

341 690 449 733 fuisse
476 691 639 731 videtur.
647 689 862 749 'Diodorus
880 690 1035 744 quidem
1057 689 1191 732 diserte
1206 692 1329 731 Νικίου
1350 689 1611 746 στρατηγοῦν-

343 759 411 786 τος
434 742 610 785 Ἀθηναῖοι
629 745 725 784 εἶλον
747 742 888 797 Κύθηρα
908 744 971 784 xxi
989 742 1236 787 Nicoeiavahv
1255 760 1298 786 τε
1319 744 1441 787 Μῆλον
1456 757 1612 798 πολιορ.

343 796 529 841 κήαντες
543 795 676 844 ἦβηὸὶιν
697 797 953 851 ἀπέσφαξαν,
977 810 1116 851 nempe
1134 797 1404 840 Athenienses:
1426 812 1510 840 non
1523 799 1612 839 Me-

341 853 423 894 lum
447 854 604 907 quidem
621 851 739 892 duan
759 852 913 902 Niciae,
940 850 1003 892 sed
1026 851 1103 892 alio
1128 862 1304 907 tempore
1326 864 1366 894 at
1392 866 1444 894 ue
1464 853 1614 907 Cythe-

341 920 426 947 ram
452 907 526 947 διε.
550 904 689 965 Nescio
715 919 839 959 ergo,
864 919 915 946 an
945 906 1213 958 reponendum
1245 907 1348 960 apud
1446 906 1498 948 ol.
1523 906 1615 946 Ari-

343 960 466 1016 stoph.
492 962 645 1002 Ἱίο-ιόιςὲ
667 960 758 1001 vide
783 960 967 1012 Thucyd.
988 960 1045 1007 V,
1066 959 1144 1010 84,
1163 960 1205 1001 &
1227 959 1418 1002 Plutarch.
1438 961 1479 1001 in
1504 960 1614 1001 Alci-

345 1016 468 1056 biade.
495 1027 582 1069 pag.
609 1028 694 1067 199.
716 1013 843 1054 Caute
869 1013 1008 1055 Strabo
1034 1014 1094 1064 X,
1115 1013 1220 1063 484,
1242 1013 1420 1056 Ἀθηναῖοι
1446 1013 1497 1055 sa'
1515 1028 1615 1055 ποτε

341 1063 974 1176 35³i3553h⁶⁷3⁶211552231ss2³335
983 1067 1339 1176 ,ἐ
1358 1067 1526 1163 aaa
1543 1070 1615 1162 ἕξ·

345 1177 430 1218 beri
447 1177 547 1217 hanc
569 1176 800 1217 deditionem
814 1177 885 1216 ait.
904 1176 1052 1217 WAss.
1075 1174 1115 1216 si
1135 1168 1338 1217 Diodorus
1358 1189 1430 1223 ea,
1447 1188 1548 1230 quae
1567 1176 1615 1216 de

347 1232 480 1273 Niciae
504 1230 620 1271 rebus
643 1229 755 1284 gestis
779 1241 933 1280 narrat,
959 1242 982 1270 e
1007 1229 1239 1280 Thucydide
1257 1229 1449 1284 descripsit
1463 1259 1475 1278 ,
1498 1229 1618 1284 negli-

346 1298 479 1340 genter
500 1284 607 1324 illum
639 1283 866 1338 inspexerit,
895 1293 1067 1338 oportet.
1088 1283 1339 1336 Thucydides
1359 1295 1438 1324 tres
1463 1297 1616 1325 memo-

345 1350 408 1380 rat
433 1339 698 1393 expeditiones
719 1338 866 1379 Niciae.
889 1337 1059 1378 Primam
1083 1336 1165 1386 111,
1185 1351 1233 1392 91
1250 1368 1266 1385 ,
1290 1339 1331 1379 in
1362 1337 1514 1379 Melum
1531 1338 1616 1378 irri-

347 1405 428 1434 tam
441 1426 453 1440 ‚
474 1406 520 1434 ac
544 1392 676 1433 deinde
698 1392 738 1432 in
751 1392 1024 1446 Tanagraeos,
1043 1391 1094 1433 A.
1108 1391 1168 1432 VI
1186 1391 1280 1432 Bell.
1294 1391 1387 1433 Pelo
1417 1421 1426 1431 .
1447 1391 1614 1446 Olymp.

349 1446 626 1495 LXXXVIII,
652 1461 686 1500 3.
717 1447 930 1487 Secundam
956 1446 1032 1491 IV,
1061 1460 1136 1495 42,
1155 1445 1339 1487 adversus
1403 1445 1616 1494 orinthios,

350 1514 430 1598 {¹2¹1}
476 1500 534 1595 21¹1*
584 1499 1614 1609 &iffssmdfffiib‘cii‘iv‘iiifii“iegit‘i'fflnnfflssssiiiass'

376 1623 427 1651 ua
447 1608 650 1662 Cythera,
670 1608 714 1649 &
731 1609 934 1661 Thyream
951 1609 1054 1661 cepit
1069 1638 1078 1656 ‚
1098 1610 1148 1649 A.
1167 1607 1264 1648 VIII
1282 1607 1377 1649 Bell.
1394 1608 1526 1663 Pelop.
1548 1607 1616 1648 Ol.

347 1624 620 1712 {XXXVIIL
636 1677 674 1713 4.
694 1662 778 1703 Has
794 1675 930 1703 omnes
954 1662 1159 1703 Diodorus
1175 1662 1258 1702 Lib.
1282 1660 1380 1711 XII,
1400 1675 1438 1716 p.
1460 1675 1558 1717 319,
1577 1663 1632 1701 in=

350 1731 478 1759 unum
508 1718 612 1757 Ann.
641 1716 661 1756 I
685 1715 751 1758 01.
787 1716 990 1757 LXXXIX
1012 1716 1231 1764 concludit,
1254 1728 1301 1756 ac
1321 1715 1458 1757 deinde
1479 1715 1618 1756 eodem

352 1773 416 1815 lib.
439 1787 477 1826 p.
501 1785 601 1827 327,
621 1770 824 1824 Cythera,
852 1769 1053 1819 Nisaeam,
1079 1769 1121 1810 &
1142 1770 1292 1811 Melum
1315 1783 1339 1810 a
1363 1769 1476 1810 Nicia
1497 1775 1622 1822 expu-

352 1837 488 1882 gnatas
519 1825 670 1874 scribit,
691 1823 758 1866 01.
783 1824 880 1875 XC,
913 1839 948 1879 3.
970 1837 1070 1879 quae
1097 1837 1223 1878 neque
1244 1836 1334 1865 cum
1360 1823 1622 1876 Thucydide,

351 1893 479 1935 neque
504 1880 606 1920 inter
631 1879 669 1919 se
689 1880 942 1920 conveniunt.
971 1879 1055 1919 Nec
1081 1879 1224 1927 video,
1249 1877 1454 1932 quomodo
1479 1877 1620 1918 Suidae

351 1936 395 1976 in
413 1937 523 1986 Λιμος
542 1932 740 1980 Μηλιοιῖος,
759 1933 803 1974 &
821 1932 1049 1974 scholiastae
1063 1932 1353 1986 Aristophanis,
1365 1931 1506 1972 Melios
1520 1929 1622 1972 fame

354 1988 516 2032 coaetos
549 1987 588 2029 se
619 1988 754 2028 Niciae
783 1986 958 2027 dedidisse
987 1986 1254 2034 scribentibus,
1281 1996 1418 2027 contra
1445 1985 1622 2026 disertam

354 2043 615 2084 narrationem
634 2041 875 2093 Thucydidis
889 2040 982 2082 fides
1002 2041 1134 2082 haberi
1149 2039 1272 2095 poffit.
1290 2040 1394 2080 Nam
1410 2039 1451 2079 in
1468 2037 1622 2080 Aristo-

353 2098 482 2152 phane
505 2095 589 2151 ipso
613 2095 707 2135 nihil
731 2094 806 2143 est,
830 2109 853 2136 e
879 2107 962 2149 quo
986 2095 1137 2136 Melum
1167 2108 1190 2135 a
1214 2094 1324 2135 Nicia
1336 2103 1505 2148 “'oeptam
1528 2105 1623 2134 con-

358 2151 441 2193 stet.
461 2150 721 2191 Proverbium
743 2151 855 2201 λιμος
880 2146 1015 2191 Μήλιος
1032 2149 1174 2190 habent
1193 2149 1309 2189 etiam
1332 2147 1529 2188 Zenobius
1548 2147 1624 2195 lv,

355 2219 428 2260 94,-
450 2204 492 2245 δι
509 2204 779 2258 Diogenianus
797 2203 882 2250 VI,
904 2217 964 2253 14.
996 2204 1036 2243 in
1060 2216 1144 2257 quo
1167 2203 1319 2243 videtur
1337 2200 1514 2242 excidisse
1537 2213 1623 2242 vox

358 2258 459 2310 λιμῷ
471 2289 484 2310 ,
496 2258 539 2299 &
557 2257 798 2299 scribendum
817 2256 893 2298 effe
905 2286 917 2305 ,
929 2256 1016 2297 τοὺς
1031 2261 1112 2310 γὰρ
1136 2257 1300 2299 Μηλίους
1316 2253 1491 2296 Ἀθηναῖοι
1506 2254 1624 2310 ἰσχυ-

355 2312 425 2368 ρῶς
443 2311 543 2364 λιμῷ
566 2311 787 2353 inexcoctam
804 2323 893 2352 nam
907 2309 958 2353 fic
975 2310 1127 2361 Suidas,
1148 2310 1345 2353 ἐκάκωσαν
1364 2307 1528 2359 Μηλίους
1551 2324 1622 2351 πο·

356 2365 583 2422 κορκοῦντες
606 2365 718 2421 λιμῷ.
