1728 3120
372 193 471 250 314
663 167 1347 232 THUCYDIDIS

376 280 434 337 θις
451 278 712 353 vetpowSoet‘
733 278 937 351 Ἀργείοις
955 268 1058 333 δε,
1039 298 1142 344 υπερ
1158 299 1228 336 της
1242 297 1288 328 τε
1306 274 1515 333 πσελσιιᾶς
1531 276 1638 341 ἦγε-

375 366 541 429 μονίοις,
569 383 648 412 κσιι
671 384 742 421 της
764 362 801 411 ἐν
829 355 1143 428 Πελοποννήσῳ
1172 378 1276 409 ποτε
1300 362 1546 430 ἰσομοιρίας,
1565 381 1633 428 μη

373 438 448 492 ὃισσ
461 465 619 502 παντος
636 436 969 514 στερισκομένους
983 435 1254 502 σ’σνέχεοθσιι,
1272 460 1350 489 κσιι
1328 434 1555 509 ἄνδρως”
1528 458 1634 507 σιμσο

374 521 541 595 ἒχθρους
576 546 654 574 κσιι
684 526 987 588 ἀστυγείτονας
1020 511 1124 588 ὑπερ
1154 532 1332 571 πολλων
1362 518 1636 589 σιδὶκημοὶτων

373 602 660 674 &Imma-Soet.
674 605 756 661 τοῖς
775 594 819 655 δε
835 602 1076 663 Ἀθηναίοις,
1097 596 1233 653 κοιλον
1251 599 1372 654 εἱνσιι,
1360 621 1508 671 ,μετσι
1520 611 1638 651 πολ-

376 697 464 738 λων
494 709 573 737 nou
603 683 782 750 ἀγαθων
815 682 1063 754 Ξυμμσιχων
1099 679 1443 753 ἀγωνιζομένους,
1473 675 1638 752 μηδενος

377 765 640 818 λείπεσθαι.
657 787 735 817 κσιι
749 788 808 816 οτι
829 766 864 816 ὲν
875 760 1192 834 Πελοποννησῳ
1204 762 1564 832 Λακεδαιμονίους
1580 784 1636 814 νι-

377 870 607 909 κησσιντες,
628 843 696 908 τήν
715 869 760 899 τε
779 838 913 920 ἀρχην
931 840 1216 918 βεβαιοτέραν
1232 868 1310 897 κσιι
1329 848 1463 915 μείζω
1475 838 1642 917 eiwon,

375 951 454 983 κσιι
474 933 518 982 οὐ
535 952 597 1000 μη
615 925 723 982 ποτε
746 952 808 987 τις
837 929 975 985 αὐτοις
1002 924 1145 985 σ’ίλλος
1174 929 1213 985 ἐς
1235 950 1306 987 την
1324 948 1413 991 γην
1425 922 1536 993 ἔλθῃ.
1555 947 1637 983 τοις

373 1031 450 1081 μεν
475 1010 677 1083 Ἀργείοις
701 1006 780 1062 noca
802 1006 1055 1079 ξυμμάχοις
1071 1007 1218 1060 τσσῧτσο
1240 1002 1451 1080 πσσρῃνέθη.
1478 1008 1634 1061 Λσωιε-

374 1089 570 1163 ὃσιιμονιοι
593 1085 660 1148 δε,
683 1095 779 1144 καθ’
802 1090 1007 1148 εκάστους
1023 1111 1090 1146 τε,
1111 1110 1190 1142 scota
1210 1110 1331 1160 μετσι
1351 1112 1430 1142 των
1448 1101 1634 1160 πολεμι-

375 1195 459 1225 κων
475 1197 625 1244 νομων,
644 1175 681 1225 ὲν
706 1178 855 1236 σφίσιν
878 1173 1018 1229 σιύτοις
1036 1165 1087 1223 ὧν
1105 1171 1334 1232 ἠπίσταντο
1352 1193 1421 1231 την
1440 1191 1636 1241 παρακε-

378 1265 523 1307 λευο-ιν
536 1278 607 1316 της
620 1278 786 1326 μνημης
801 1255 984 1319 σίγσιθοις
999 1247 1108 1305 otio-av
1121 1251 1334 1306 εποιοῧντο
1353 1247 1536 1310 ειὸἇτες
1508 1272 1639 1324 εργων

372 1405 457 1447 sent
470 1437 483 1456 ‚
514 1407 556 1448 δι
583 1408 698 1455 ,cuius
720 1407 928 1450 commoda
959 1406 1036 1447 iam
1064 1403 1295 1460 gustassent,
1320 1405 1480 1446 minime
1501 1402 1641 1459 spolia-

372 1489 531 1529 rentur3
552 1480 649 1521 hanc
677 1492 776 1521 vero
809 1492 859 1520 ne
889 1476 1020 1519 rursus
1045 1476 1321 1531 experirentur.
1353 1473 1495 1528 Argivi
1514 1486 1636 1534 vero,

373 1547 415 1588 δι
441 1561 515 1602 pro
534 1548 693 1604 pristino
716 1548 937 1603 principatu
950 1579 963 1597 ,
984 1546 1028 1587 &
1044 1559 1118 1601 pro
1139 1545 1222 1600 pari
1237 1545 1438 1600 dignitate,
1459 1558 1577 1600 quam
1598 1545 1639 1589 in

373 1615 646 1672 Peloponneso
677 1618 874 1673 quondam
908 1615 1178 1665 obtinuissent,
1206 1628 1257 1656 ne
1288 1614 1327 1656 se
1356 1626 1547 1670 perpetuo
1578 1615 1637 1656 his

372 1687 517 1741 privari
545 1700 769 1743 paterentur
785 1719 797 1738 ,
820 1687 935 1728 fimul
964 1687 1082 1727 etiam
1110 1697 1156 1727 ut
1177 1685 1305 1728 hostes
1318 1714 1331 1733 ‚
1355 1684 1501 1740 eosque
1525 1685 1638 1727 finiti-

374 1769 484 1806 mos,
510 1771 584 1812 pro
604 1757 733 1798 multis
754 1756 902 1797 iniuriis
926 1755 1217 1798 ulciscerentur.
1244 1754 1496 1796 Athenienses
1518 1768 1638 1804 vero,

371 1827 575 1881 pulchrum
611 1828 686 1869 effe
699 1860 711 1879 ‚
736 1842 827 1870 cum
862 1827 992 1869 multis
1024 1840 1070 1868 ac
1102 1826 1271 1868 fortibus
1299 1825 1410 1867 sociis
1444 1836 1638 1867 certamen

372 1894 579 1940 subeuntes
591 1930 603 1949 ‚
622 1900 664 1939 in
680 1899 830 1954 proelio
855 1897 972 1939 nullis
992 1898 1140 1939 virtute
1155 1895 1300 1938 cedere.
1323 1895 1422 1936 Illud
1441 1895 1556 1936 etiam
1573 1895 1637 1936 ad-

374 1965 514 2007 debant
524 1998 535 2016 ‚
548 1967 578 2008 fi
592 1968 916 2010 Lacedaemonios
930 1968 969 2007 in
979 1965 1248 2022 Peloponneso
1265 1964 1461 2015 vicissent,
1475 1964 1514 2007 se
1527 1965 1636 2008 suum

373 2035 580 2092 imperium
602 2041 645 2082 &
664 2041 784 2094 magis
806 2039 1040 2081 stabilituros
1069 2038 1112 2079 δι
1130 2036 1453 2092 amplificaturos‚
1481 2050 1553 2079 nec
1578 2038 1635 2079 ul-

374 2105 458 2147 lum
480 2109 599 2150 alium
621 2109 780 2165 posthac
800 2111 841 2151 in
861 2109 973 2151 suum
997 2121 1141 2163 agrum·
1156 2117 1384 2148 venturum.
1407 2105 1541 2160 Atque
1565 2106 1637 2148 Ar·

374 2176 477 2230 givis
494 2180 671 2233 quidem,
692 2194 909 2238 eorumque
929 2179 1042 2221 sociis
1062 2179 1158 2220 tales
1181 2177 1473 2219 cohortationes
1497 2190 1638 2233 propo-

375 2245 468 2288 fitae
496 2247 664 2290 fuerunt.
699 2251 994 2292 Lacedaemonii
1025 2263 1148 2299 vero,
1179 2248 1318 2304 partim
1349 2260 1419 2302 per
1449 2246 1487 2288 se
1510 2247 1636 2303 ipsos,

377 2319 516 2372 partim
537 2321 819 2362 obfmilitarem
841 2321 1097 2377 disciplinam,
1125 2319 1164 2361 se
1186 2330 1325 2360 mutuo
1355 2317 1636 2369 hortabantur,

377 2400 423 2430 nt
445 2404 634 2432 memores
658 2391 777 2433 essent
794 2393 1008 2442 virtutum,
1026 2405 1123 2447 quas
1140 2392 1180 2433 in
1202 2390 1240 2432 se
1263 2391 1356 2432 viris
1377 2390 1544 2432 fortibus
1563 2392 1638 2434 effe
1704 2398 1728 2453 3

377 2471 592 2505 noverant:
613 2462 831 2519 persuasum
857 2463 1041 2505 habentes
1054 2493 1066 2515 ,
1085 2463 1313 2506 diuturnum
1331 2475 1461 2505 rerum
1481 2463 1639 2511 benicaff
1706 2454 1728 2522 'f
