1728 3120
342 227 436 279 190
626 214 1316 266 THUCYDIDIS

422 306 530 384 ψοζ’.
564 311 807 364 Τοιαῧτα“
790 337 809 363 ο
836 313 1053 386 Βρασιὸας
1076 310 1366 387 παραινέσας,
1387 313 1531 382 ὑπηγε
1556 342 1614 370 το·

337 388 626 479 στράτευμα.
626 414 658 441 οι
650 380 720 441 ὃε
736 388 956 461 Βαρβαροι
975 390 1140 448 ἰδοντες,
1159 395 1310 456 πολλῇ
1327 393 1410 457 (3οῇ
1423 416 1501 445 και
1480 391 1606 446 So-

337 462 459 535 ρύβῳ
492 462 772 537 προσέκειντο,
805 471 1048 537 νομίσαντες
1079 466 1259 532 Φεύγειν
1287 491 1333 520 τε
1360 465 1507 526 αὐτον,
1525 493 1605 523 και

339 541 675 603 καταλαβοντες
699 542 956 616 διαφθείρειν.
984 566 1062 594 και
1085 566 1141 602 ως
1165 547 1303 623 αυτοῖς
1329 567 1376 596 αι
1398 567 1444 597 τε
1470 546 1606 618 ἐκδρο-

337 644 447 692 μαι,
470 642 551 679 οπη
569 623 891 690 προσπίπτοιεν,
913 615 1124 679 οἱπηντων,
1145 643 1223 671 και
1244 617 1369 688 αὐτρς
1387 618 1497 684 ἔχων
1513 646 1608 681 τους

338 694 567 762 λογάδας’
557 691 835 764 επικειμένους
847 698 1076 757 ὑφιστατο,
1090 719 1139 759 ‘tn
1151 718 1197 747 τε
1210 719 1349 769 πρωτη
1364 701 1466 770 ὁρμῇ
1477 721 1617 788 παρα-

339 795 513 841 γνωμην
540 767 822 831 ἀντέστησαν,
852 794 931 822 και
961 767 1154 823 τολοιπον
1154 771 1504 860 ἐπιφερομένους
1528 797 1608 846 μεν

338 849 595 926 ὃεχομενοι
576 870 791 938 ημυνοντο,
818 847 1107 911 ἦσυχαξοντων
1134 839 1179 898 δε
1203 847 1322 900 αὐτοι
1341 849 1605 923 ὑπεχωοουν,

340 925 432 978 τότε
449 917 496 984 δη
510 947 588 975 των
603 945 724 994 μετα
737 947 807 974 του
783 923 1033 995 Βρασίδου
1058 922 1307 985 Ἑλληνων
1296 947 1332 978 εν
1356 928 1406 990 τῇ
1396 930 1607 1017 εὐρυχω-

340 1008 413 1076 ρία
437 1007 472 1053 οἱ
499 999 662 1052 πολλοι
681 1024 770 1051 των
794 1000 1032 1072 βαρβάρων
1058 996 1326 1064 ἀπέσχοντο,
1351 1024 1470 1075 μερος
1497 1001 1547 1055 δε
1567 1028 1608 1055 τι

341 1076 660 1134 καταλιποντες
687 1078 827 1133 αὐτοῖς
858 1076 1185 1129 ἐπακολουθοῦν
1199 1077 1516 1169 προσβαλλειν
1529 1116 1541 1135 ,
1573 1085 1609 1131 οἱ

342 1150 486 1207 λοιποι
512 1174 779 1226 χωρνσαντες
804 1151 1000 1243 ᾣομω,
990 1158 1066 1204 επί
1085 1175 1131 1205 τε
1154 1177 1246 1211 τους
1267 1151 1513 1219 Φευγοντας
1530 1180 1610 1208 των

342 1229 626 1285 Μακεδονων,
646 1237 702 1288 οἱς
721 1226 941 1293 ἒντυχοιεν,
961 1251 1150 1285 eun-mov,
1167 1252 1245 1282 και
1265 1254 1334 1291 την
1353 1225 1561 1330 ἐσβολήν,
1583 1227 1612 1294 ἦ

352 1405 359 1411 ·
396 1385 600 1426 CXXVII.
630 1384 804 1425 Brafidas
826 1383 918 1425 suos
945 1383 1003 1425 his
1025 1383 1157 1425 verbis
1181 1383 1433 1433 adhortatus,
1460 1385 1612 1426 exerci-

339 1465 425 1495 tum
445 1455 677 1510 pedetentim
694 1454 913 1495 reducebat.
934 1453 1091 1494 Barbari
1111 1464 1263 1504 autem,
1280 1453 1359 1494 hoc
1372 1454 1612 1496 animadver-

339 1526 408 1577 so,
438 1539 578 1581 magna
609 1525 892 1568 vociferatione
928 1540 974 1568 ac
999 1526 1173 1566 tumultu
1205 1526 1456 1580 ingruebant,
1483 1528 1612 1569 existi-

341 1610 492 1642 mantes
515 1613 607 1640 eum
630 1597 790 1653 fugere,
818 1599 860 1639 &
884 1612 908 1638 a
933 1597 996 1648 se,
1017 1598 1085 1640 ubi
1106 1598 1229 1653 ipsum
1253 1599 1411 1640 affecuti
1430 1599 1612 1651 fuissent,

341 1671 587 1713 interfefmm
606 1672 653 1713 iri
676 1671 880 1726 sperantes.
903 1671 976 1713 Sed
991 1685 1079 1714 cum
1105 1672 1146 1713 &
1169 1672 1415 1721 excursores,
1436 1687 1614 1728 quacun-

342 1756 420 1797 que
450 1742 603 1783 barbari
625 1742 909 1797 impreffionem
935 1743 1131 1792 facerent,
1160 1742 1248 1797 ipfis
1271 1754 1542 1793 occurrerent,
1567 1757 1614 1786 ac

343 1810 557 1852 refisterent
567 1842 579 1860 ,
593 1811 634 1852 δι
655 1810 732 1866 ipse
747 1825 837 1852 cum
857 1811 1002 1852 delefita
1016 1822 1283 1853 trecentorum
1297 1825 1416 1853 manu
1438 1811 1546 1868 ipsos
1557 1814 1616 1854 in-

341 1880 530 1923 vadentes
548 1879 765 1930 sustineret,
780 1894 825 1922 ac
849 1890 1000 1935 praeter
1018 1879 1189 1935 ipsorum
1212 1881 1441 1935 opinionem
1453 1913 1465 1931 ,
1479 1882 1620 1924 adver-²

343 1950 408 1992 sus
423 1952 590 2006 primum
610 1951 797 2006 impetum
820 1949 1053 1999 restitissent,
1069 1950 1111 1991 &
1133 1962 1224 1990 cum
1242 1950 1418 2006 deinceps
1442 1950 1613 2006 ipsorum

343 2022 502 2076 quidem
524 2021 753 2063 irruentium
777 2020 964 2076 impetum
978 2030 1188 2074 exceptum
1212 2019 1508 2076 propulsarent,
1527 2022 1616 2077 ipfis

342 2105 445 2133 vero
460 2091 712 2140 cessantibus,
740 2105 813 2133 nec
830 2092 950 2132 ullam
969 2090 1253 2147 impreffionem
1277 2091 1526 2142 facientibus,
1546 2108 1616 2148 pe.

344 2163 432 2205 dem
453 2163 660 2214 referrent,
683 2174 778 2204 tunc
798 2175 899 2204 vero
920 2162 1095 2217 plerique
1114 2163 1371 2203 barbarorum
1393 2175 1418 2202 a
1433 2162 1613 2212 Graecis,

342 2236 413 2291 qui
435 2248 526 2276 cum
551 2234 705 2275 Brafida
729 2235 768 2274 in
787 2234 887 2275 locis
907 2234 1131 2288 patentibus
1149 2245 1284 2284 erant,
1310 2234 1471 2276 ulterius
1490 2233 1617 2290 perse-

342 2306 505 2362 quendis
522 2304 808 2346 abstinuerunt:
827 2303 890 2344 sed
912 2317 1002 2345 cum
1028 2304 1221 2358 quandam
1245 2303 1399 2346 suarum
1415 2305 1616 2359 copiarum

342 2389 427 2419 non
445 2388 626 2430 magnam
651 2385 799 2428 partem
820 2372 1081 2428 reliquissent,
1105 2387 1206 2427 quae
1225 2372 1328 2428 ipsos
1343 2374 1619 2415 'abeuntes-in-

346 2445 570 2501 sequeretur
593 2458 638 2487 ae
666 2444 938 2500 aggrederetur
955 2476 967 2494 ‚
991 2444 1109 2486 ceteri
1137 2443 1252 2486 cursu
1275 2444 1557 2486 contenderunt
1577 2444 1618 2485 in

346 2516 537 2573 fugientes
559 2515 819 2566 Macedones,
841 2527 1011 2570 quorum
1033 2524 1078 2556 ut
1105 2514 1144 2555 in
1162 2526 1369 2571 quem-que¹
1382 2513 1619 2567 incidebant,
