1728 3120
357 197 455 260 436
564 192 1441 257 ANNOTATIONES

354 284 515 326 inducias
530 316 544 334 ,
562 299 647 348 {uae
665 287 800 338 fiebant
817 288 858 325 ob
878 286 1124 326 celebrationem
1142 286 1234 340 festi.
1256 287 1321 327 Sic
1345 286 1531 340 Polybius
1553 288 1632 330 ἐκεί

355 351 372 362 ⁶
398 339 510 393 ειρίαν
534 355 607 380 των
622 339 839 390 Ὀλυμπίων
859 340 958 380 dicit.
973 339 1309 390 VidebCasauhoni
1328 352 1441 382 notas
1459 342 1506 382 ad
1525 343 1632 384 Stra-

383 406 449 433 on.
469 408 508 448 p.
539 408 629 448 343.
655 394 794 433 Huns.
821 394 919 434 Add.
943 393 1046 434 Gell.
1071 394 1091 434 I
1121 394 1237 434 Νοὲὶ.
1258 394 1377 434 Attic.
1407 409 1469 448 25.

407 451 482 487 ead.
500 448 526 487 l.
563 461 596 500 5.
615 447 869 501 Σικελιῶται)
889 445 994 487 Infra
1013 461 1096 501 cap.
1117 448 1168 497 64
1180 478 1194 495 ,
1215 448 1282 487 καὶ
1306 449 1420 501 ’ὄνομα
1439 448 1475 490 ἓν
1492 458 1631 495 aenan-fi

351 499 485 551 μένους
507 500 754 541 Σικελιώταις.
777 500 900 541 Waff.
920 501 1048 549 Idem,
1067 502 1173 554 quod
1189 503 1288 541 inter
1304 502 1481 544 Σικελοὺς
1503 504 1545 544 8(
1562 510 1628 546 Σο-

353 554 542 595 κελιώτας
570 553 766 595 discrimen
789 553 919 594 statuit
939 554 1153 608 Stephanus
1171 556 1336 608 Byzant.
1363 558 1464 610 apud
1482 555 1630 598 Cluve-

352 609 480 655 rium,
510 609 625 648 etiam
647 607 795 647 faciunt
820 608 1046 649 Scholiastes
1073 609 1314 661 Thucydidis
1340 610 1397 657 V,
1424 625 1469 664 ς,
1493 609 1629 651 Eusta-

351 662 454 702 thius
480 662 521 702 in
548 663 710 705 Homer.
736 660 874 714 odyff.
897 662 941 709 ὑ,
966 662 1007 702 in
1027 661 1093 703 fin.
1118 676 1171 704 ex
1192 663 1311 705 Aelio
1335 663 1558 719 Dionysio,
1581 665 1627 705 δι

352 715 590 756 Ammonius
612 716 653 756 in
668 715 823 756 Ἰταλοί.

405 773 480 811 ead.
507 770 531 808 l.
557 783 615 809 11.
630 769 685 809 Ἐς
711 771 755 808 το
776 769 919 823 κοινον)
939 769 1003 809 Ad
1027 769 1190 810 verbum
1204 801 1218 819 ‚
1238 771 1275 810 in
1300 773 1484 812 'commune
1506 772 1630 814 Vide-⁴

351 835 419 864 tur
430 821 537 877 poffe
559 824 602 864 &
619 823 666 863 ad
679 821 875 877 sequentia
888 822 1036 864 referri.
1055 824 1205 864 STEPH.
1221 823 1518 866 Distinfflonem
1538 826 1629 866 Por-

351 877 384 917 ti
409 877 616 918 confirmat
632 876 733 918 Caff.
754 877 939 929 Thucyd.
964 877 1043 924 111,
1071 891 1120 932 37
1134 908 1148 924 ,
1169 878 1242 925 τῶν
1263 878 1324 918 ἀεὶ
1352 879 1564 934 λεγομένων
1589 880 1629 922 ἐς

351 933 397 972 το
420 933 545 972 κοινόν.
569 932 612 972 &
634 944 728 971 mox
755 931 794 970 in
816 931 1003 986 principio
1025 932 1158 985 capitis
1176 931 1378 986 sequentis.

408 986 500 1039 Pag.
523 984 587 1025 86.
613 985 637 1025 l.
658 999 718 1025 12.
737 985 1004 1039 Ἀντιλογιῶν)
1025 985 1170 1028 Graev.
1189 997 1371 1041 corrupte
1393 986 1626 1043 ἀντιλογίαν.

352 1040 501 1080 WASS.
882 1072 884 1075 >

405 1094 499 1146 Pag.
521 1092 585 1143 87.
603 1093 628 1133 l.
653 1107 691 1144 7.
717 1091 897 1146 Ὀλίγαις
922 1092 1061 1146 ναυσὶ)
1082 1092 1176 1134 Νοη
1199 1092 1412 1146 agnoscunt
1432 1095 1591 1149 quidam
1607 1103 1626 1143 ‚⁴

350 1147 478 1201 inquit
504 1147 725 1187 Scholiasta.
755 1158 796 1187 at
817 1146 937 1187 nostri
964 1147 1115 1187 §ervant
1129 1177 1145 1194 ,
1175 1147 1292 1200 idque
1321 1149 1464 1203 opinor
1498 1149 1627 1198 re&e;

349 1214 440 1241 nam
466 1201 585 1255 paulo
610 1199 728 1242 infra:
755 1200 885 1242 πλέονί
903 1216 1000 1242 ποτε
1028 1201 1154 1253 στὸλῳ
1179 1201 1357 1243 ἐλθόντας
1386 1198 1525 1244 αὖτοὺς
1550 1203 1626 1244 huc

350 1255 532 1309 spectant.
553 1257 703 1295 WAss.

404 1309 479 1349 ead.
504 1310 528 1349 l.
552 1324 590 1363 9.
612 1307 833 1364 Αἰρομένων)
857 1309 972 1349 Valla
985 1338 999 1356 ,
1011 1310 1049 1361 fi
1077 1309 1195 1349 bellum
1219 1308 1437 1361 elegerimus5
1459 1309 1528 1350 ubi
1545 1309 1628 1351 Ste-

349 1363 503 1417 phanus
522 1374 704 1410 annotat,
722 1376 823 1417 quae
842 1363 903 1403 hic
918 1364 959 1402 in
977 1364 1073 1404 Var.
1089 1363 1192 1403 Lect.
1212 1363 1376 1403 contulit
1399 1363 1627 1406 Hudsonus.
1696 1387 1706 1397 η

350 1418 530 1471 Aspera-3001
552 1417 718 1468 πόλεμον
745 1417 799 1458 est
817 1417 932 1457 etiam
950 1416 991 1464 1,
1013 1416 1088 1463 80,
1105 1416 1186 1464 111,
1211 1432 1283 1471 39,
1304 1418 1347 1458 &
1363 1417 1465 1471 apud
1489 1418 1602 1459 alios.

404 1475 478 1511 ead.
501 1472 524 1510 l.
552 1486 567 1510 1
580 1485 611 1511 1.
631 1471 716 1512 Τοῖς
733 1470 1055 1525 ἐπικαλουμένοις)
1074 1470 1173 1510 Caff.
1195 1471 1282 1512 τοὺς
1300 1471 1628 1523 ἑποιαλουμένους.

348 1524 410 1566 sic
435 1524 534 1566 infra
553 1538 638 1579 cap.
667 1540 742 1579 92:
764 1523 922 1564 Εἰώθασι
946 1547 991 1554 -
1014 1529 1076 1565 τον
1092 1524 1163 1575 μὲν
1187 1522 1440 1580 ἶισυχίιζοντα
1461 1548 1507 1557 --
1530 1525 1625 1566 ase-

349 1580 492 1634 έστερον
512 1577 805 1634 ἐπιστρατεύειν.
828 1579 878 1619 Et
897 1577 1115 1632 Stephanus
1134 1578 1276 1632 aliique
1296 1592 1346 1619 ex
1367 1579 1545 1634 Euripide
1565 1579 1627 1620 af-

348 1633 479 1674 ferunt
498 1634 530 1673 οἱ
549 1633 614 1674 τὴν
644 1633 682 1673 θ’
701 1632 1013 1687 ἐπεστράτευσαν
1038 1631 1162 1675 πόλιν.
1183 1631 1258 1674 Sed
1276 1633 1371 1687 quia
1395 1633 1459 1673 alii
1485 1646 1625 1676 omnes

348 1687 437 1727 libri
462 1688 526 1727 hic
552 1686 697 1728 habent
720 1686 800 1727 τοῖς
822 1686 1129 1738 ἐπικαλουμένοις
1139 1715 1155 1734 ,
1174 1687 1291 1741 idque
1317 1687 1432 1727 etiam
1451 1687 1628 1742 aliquan-⁴

351 1751 396 1782 to
417 1740 590 1782 usitatius
610 1740 684 1782 effe
706 1741 886 1788 videtur,
907 1740 999 1780 nihil
1024 1740 1251 1781 novandum
1272 1741 1452 1782 arbitror.

407 1797 489 1836 ibid.
513 1794 648 1835 Κακῶς
669 1818 716 1826 -
739 1794 906 1849 οἰκείοις)
930 1794 1076 1835 Thom.
1095 1795 1201 1848 Mag.
1222 1807 1315 1836 voc.
1339 1795 1458 1835 τέλος.
1476 1797 1628 1839 WAss;

409 1851 484 1889 ead.
517 1850 541 1888 L
579 1863 639 1903 13.
667 1847 986 1902 Προκοπτόντων)
1009 1848 1223 1903 Stephanus
1251 1850 1292 1888 in
1325 1848 1439 1889 Thes.
1468 1848 1624 1899 scribit,

348 1902 586 1944 Scholiasten
606 1903 725 1957 paulo
741 1901 826 1958 post
843 1902 952 1942 aliter
969 1903 1119 1955 legere,
1135 1915 1273 1957 nempe
1293 1902 1622 1957 περικοπτὸντων,

350 1970 515 2012 eamque
539 1956 747 1998 lectionem
768 1956 1075 1997 commodiorem
1100 1957 1225 1997 videri
1244 1955 1360 2010 poffe.
1382 1957 1476 1997 Non
1492 1957 1623 1999 habeo

351 2012 455 2052 aliud
473 2011 695 2065 exemplum
713 2011 826 2051 huius
848 2009 1132 2064 significationis
1154 2010 1264 2051 verbi
1286 2010 1509 2065 προκόπτωε
1529 2025 1622 2054 nam

350 2066 459 2120 quod
479 2064 639 2106 affertur
663 2078 686 2105 e
714 2065 817 2112 VII,
845 2066 919 2118 56,
941 2065 1102 2105 dubium
1126 2064 1206 2112 est,
1236 2066 1279 2106 δι
1302 2065 1414 2105 aliam
1435 2064 1623 2118 syntaxin
1686 2091 1688 2094 -

347 2120 480 2160 habet.
496 2119 569 2159 Sed
592 2119 684 2173 quia
706 2119 839 2159 omnia
860 2118 1096 2173 exemplaria
1114 2118 1359 2171 Thucydidis
1378 2118 1518 2159 habent
1533 2136 1623 2173 προ-

348 2177 590 2220 κοπτόντων,
616 2186 687 2213 nec
720 2172 934 2227 Stephanus
966 2172 1098 2227 postea
1133 2173 1180 2212 ad
1212 2173 1316 2213 hunc
1347 2173 1479 2214 locum
1513 2175 1622 2227 quid-,

349 2241 469 2282 quam
498 2227 676 2274 monuit,
704 2239 786 2288 non
842 2237 950 2266 utem
962 2226 1098 2288 {hanc
1123 2225 1348 2288 scripturam
1373 2225 1622 2279 deserendam>

347 2281 446 2324 effe:
463 2294 553 2322 cum
569 2280 788 2345 praesertim
858 2279 1088 2320 Schohastes
1106 2292 1190 2320 eam
1212 2280 1276 2321 hic
1297 2279 1502 2334 agnoscat,
1517 2283 1622 2341 apud

375 2349 467 2376 uem
488 2335 550 2375 illa
573 2350 671 2395 nffioeg
694 2332 821 2375 αὖτῶν
843 2333 1119 2387 περιαιρούντων
1140 2334 1207 2373 καὶ
1228 2334 1523 2395 περικοπτόντων
1549 2349 1621 2382 της,
1672 2356 1674 2358 ’
1696 2327 1698 2329 ‚
1726 2331 1728 2343 ²

348 2389 530 2443 κμετέρας
554 2389 683 2442 ἀρχῆς
702 2389 832 2428 vicem
854 2386 1134 2442 paraphraseos
1156 2386 1263 2442 fungi
1282 2387 1449 2442 poffunt.

403 2445 494 2499 Pag.
521 2441 584 2483 88.
608 2443 632 2482 l.
659 2457 694 2497 3.
716 2442 773 2480 T&
796 2439 928 2492 ἕτοιμα
953 2441 1238 2496 βλάπτοντας)
1259 2444 1317 2482 Τὰ,
1337 2439 1499 2494 ἕτοιμα,
1520 2442 1621 2496 fua,⁴

345 2497 513 2556 opponit
545 2495 622 2539 τοῖς
644 2495 700 2551 μὴ
726 2491 983 2550 προσήκουσι,
1012 2495 1145 2539 alienis.
1168 2495 1210 2544 1,
1241 2509 1316 2551 70:
1348 2493 1455 2550 ὑμεῖς
1485 2496 1530 2538 δὲ
1558 2497 1618 2548 rte}
