1728 3120
110 1057 194 1092 Bell.
204 1055 322 1102 Pelop

150 1113 205 1135 an.
223 1113 273 1141 ¹4·

140 1146 284 1190 Olymp.

106 1233 151 1269 U.
161 1201 216 1269 {30
219 1201 319 1270 earn

175 1279 252 1322 336·

105 1322 254 1361 Postlul.
265 1335 315 1360 ιι.

344 186 440 246 302'
633 174 1325 229 THUCYDIDIS

342 270 570 363 ἀνεχωρουν
586 294 631 325 τε
649 297 728 325 και
704 269 1022 334 ὃιελυθησαν’
1011 274 1078 325 εντ’
1097 274 1203 327 οἳκου
1218 269 1407 328 ἔκαστοι.
1427 275 1611 368 Ἀργεῗοι

343 341 390 402 δε
418 372 496 401 και
529 347 646 400 αὐτοι
680 346 738 401 ἔτι
768 351 803 401 ἓν
834 350 997 422 πολλῷ
1024 356 1183 402 πλείονι
1215 357 1340 423 αἰτία
1374 350 1482 415 εἶχον
1517 375 1609 410 τους

342 422 654 514 σπεισαμένους
674 424 770 478 ανευ
788 450 858 478 του
833 426 1084 488 πλήθους,
1106 430 1324 497 νομίζοντες
1341 428 1523 480 κοίκεινοι
1544 451 1610 497 μη

342 497 397 555 οἷον
410 508 542 566 σφίσι
558 523 661 554 ποτε
677 501 861 555 κάλλιον
875 524 1108 595 παρασχον
1123 503 1490 573 Λακεδαιμονίους
1514 504 1610 555 δὶα-

344 575 633 643 πεφευγέναι.
654 577 755 650 πρὸς
773 600 819 629 τε
840 600 930 646 γαρ
949 582 999 643 τῆ
1023 575 1219 652 σφετερα
1236 579 1363 632 πολει
1388 602 1468 631 και
1488 601 1609 649 μετα

343 666 530 707 πολλων
543 676 621 705 και
650 653 830 718 αγαθων
857 654 1162 725 ξυμμάχων
1121 680 1186 708 τον
1205 655 1363 721 ἀγωνα
1386 651 1438 708 αν
1457 662 1610 720 γίγνε-

344 731 482 783 σθαι.
502 730 566 782 τόν
584 751 631 781 τε
655 729 923 822 Θράσυλλον
934 769 947 787 ,
968 730 1341 804 ἀναχωρησαντες,
1359 734 1396 785 ἐν
1414 756 1474 822 τῳ
1450 732 1610 783 Χα-

344 807 478 880 ράὸρῳ
497 802 653 878 (οὑπερ
675 828 755 863 τας
774 802 865 857 ἀπο
884 809 1090 896 στρατιᾶς
1109 808 1230 866 δίκας
1246 831 1338 880 πριν
1357 804 1503 860 ἐο-ιεναι
1518 813 1607 899 κρί-

342 863 500 951 νουσιν)
519 880 683 956 ηρξαντο
698 879 845 934 λευειν.
863 905 882 933 ο
870 874 963 939 ‘da
978 877 1256 949 καταφυγων
1273 881 1345 935 ἐπι
1360 907 1424 936 τον
1439 880 1609 954 βωμον,
1634 890 1637 893 ”

342 964 653 1051 περιγίγνεται·
681 981 741 1010 τα
765 981 901 1028 μεντοι
924 982 1137 1032 χρηματα
1162 958 1395 1030 ἐδήμευσαν
1423 960 1569 1012 αὐτου.

418 1030 500 1099 ξα.
522 1031 666 1087 Μετα
684 1027 729 1086 δε
747 1058 865 1086 τουτο
877 1036 1132 1097 ,Ἀθηναίων
1150 1035 1438 1097 βοηθησάντων
1455 1040 1610 1099 χιλίων

341 1116 526 1164 οπλιτων
537 1150 549 1167 ,
568 1134 646 1162 και
665 1116 910 1185 τριακοσίων
929 1109 1115 1168 ἱππέων,
1132 1115 1185 1164 ων
1204 1109 1482 1184 ὲστρατηγουν
1499 1111 1608 1164 Λα-

340 1211 423 1252 χης
438 1211 516 1240 και
495 1186 844 1260 Νικόστρατος,
860 1193 894 1239 οἱ
911 1188 1092 1278 Ἀργειοι
1108 1184 1174 1259 (”
1148 1211 1263 1260 ομως
1277 1210 1370 1256 γαρ
1382 1211 1463 1246 τας
1476 1211 1607 1240 σπον-

338 1261 476 1324 doeg
440 1287 585 1317 ωκνουν
606 1264 746 1316 λῧσαι
772 1287 875 1338 προς
896 1287 989 1324 τους
1011 1258 1456 1337 Λακεδαιμονιηους)
1434 1287 1610 1326 απιεναι

336 1420 381 1460 in
403 1419 511 1460 suam
526 1420 674 1474 quique
697 1420 859 1474 patriam
877 1419 916 1461 se
936 1431 1178 1476 receperunt.
1199 1420 1341 1475 Argivi
1360 1433 1460 1462 vero
1481 1421 1524 1462 &
1542 1419 1612 1476 ipfi

339 1490 468 1531 multo
494 1491 616 1544 magis
639 1489 907 1532 succensebant
931 1490 1029 1542 illis,
1051 1492 1121 1546 qui
1145 1491 1280 1547 populi
1308 1490 1448 1533 iniuss'u
1469 1490 1610 1533 foedus

338 1561 533 1613 fecerant,
549 1562 806 1604 existimantes
820 1562 875 1603 illi
886 1575 1048 1617 quoque
1059 1594 1071 1613 ,
1083 1562 1407 1604 Lacedaemonios
1426 1561 1585 1603 evafiffe
1593 1593 1608 1612 ,

339 1647 387 1675 ea
402 1633 608 1676 Occaslone
627 1632 696 1673 fibi
717 1632 870 1681 oblata,
897 1645 976 1687 qua
996 1631 1144 1672 nullam
1164 1630 1278 1672 aliam
1300 1630 1608 1672 commodiorem

338 1703 411 1745 fibi
432 1717 609 1759 unquam
633 1702 809 1744 obramm
842 1702 892 1742 iri
916 1701 1118 1757 putabant.
1148 1701 1251 1741 Nam
1276 1700 1320 1741 &
1344 1713 1469 1756 prope
1496 1698 1607 1740 suam

338 1773 555 1820 urbem,&
568 1785 659 1813 cum
682 1771 838 1820 multis,
864 1770 985 1824 iisque
1010 1768 1176 1810 fortibus
1197 1768 1309 1810 sociis
1322 1800 1335 1820 ,
1359 1768 1538 1810 adversus
1560 1768 1610 1808 il·

337 1845 400 1886 los
419 1845 489 1886 fibi
507 1856 703 1886 certamen
726 1842 813 1884 fore
838 1841 1058 1884 credebant.
1090 1840 1229 1895 Itaque
1253 1841 1413 1882 domum
1434 1838 1579 1882 reverfi
1592 1869 1606 1890 ,

337 1915 590 1970 Thrasyllum
617 1915 721 1971 apud
740 1914 981 1956 Charadrum
1016 1912 1124 1967 (quo
1148 1912 1190 1952 in
1209 1911 1326 1962 loco,
1352 1923 1559 1966 antequam
1582 1924 1608 1952 e

337 1985 479 2026 militia
503 1983 646 2027 reversi
676 1983 813 2025 urbem
840 1982 1125 2037 ingrediantur,
1151 1981 1198 2023 de
1226 1981 1350 2023 caufis
1380 1981 1608 2023 militaribus

337 2057 536 2107 iudicant)
565 2056 733 2111 lapidare
761 2064 989 2109 coeperunt.
1023 2052 1094 2094 Ille
1123 2065 1225 2094 vero
1255 2053 1303 2094 ad
1329 2066 1436 2094 aram
1465 2051 1609 2098 confu-¹

338 2125 447 2179 giens
467 2124 602 2166 evafit.
630 2125 725 2165 Eius
749 2135 880 2164 tamen
902 2123 1008 2163 bona
1024 2122 1336 2177 publicaverunt.
1584 2126 1601 2140 “

392 2196 495 2236 LXI.
521 2195 658 2236 Postea
682 2207 781 2236 vero
803 2207 893 2235 cum
911 2192 1163 2234 Athenienses
1179 2193 1366 2234 auxilium
1387 2191 1476 2248 ipfis
1497 2191 1608 2233 rufis-⁴

337 2262 444 2312 sent,
461 2264 631 2305 adduciis
654 2264 756 2305 mille
778 2265 907 2317 gravis
927 2275 1142 2305 armaturae
1167 2264 1371 2314 militibus,
1390 2263 1432 2304 &
1455 2274 1606 2305 trecen-

337 2335 387 2376 tis
406 2335 623 2390 equitibus,
647 2336 794 2390 quibus
815 2335 962 2376 Laches
987 2336 1031 2376 &
1046 2335 1286 2377 Nicostratus
1310 2345 1505 2390 praeerat,
1526 2334 1605 2375 Ar-

338 2404 421 2457 givi
453 2410 567 2458 (nam
589 2406 771 2459 quamvis
798 2405 1065 2459 improbarent
1085 2418 1152 2455 ea,
1175 2416 1305 2446 tamen
1328 2403 1484 2446 foedera
1510 2418 1603 2446 cum

338 2474 653 2519 Lacedaemoniis
678 2476 774 2518 inita
803 2488 985 2531 rumpere
1014 2488 1099 2533 non
1126 2475 1347 2527 audebant)
1375 2474 1478 2531 ipsos
1499 2474 1606 2521 abire
