1728 3120
345 169 440 215 442
551 112 1420 200 ANNOTATIONES

345 238 512 281 barismo
533 238 665 280 haberi
687 236 824 293 potest.
847 237 1073 279 Annotatio
1093 237 1188 283 haec
1217 235 1382 277 fortaffis
1408 236 1504 278 loco
1530 248 1612 280 non

345 293 417 334 suo
442 293 567 348 posita
591 293 668 341 est,
690 293 731 332 &
755 292 831 332 alio
853 293 1031 346 pertinet.
1053 291 1169 332 Certe
1192 290 1329 337 melius
1351 291 1613 332 conveniebat

343 348 438 398 illis,
461 361 561 402 quae
580 347 761 402 leguntur
775 347 815 386 in
836 346 993 387 Lucian.
1015 345 1120 387 Dial.
1142 345 1304 389 Iunonis
1325 346 1368 386 &
1385 345 1559 386 Latonae
1571 359 1612 400 p.

347 414 449 443 212:
474 401 518 442 Οἱ
542 400 587 442 ἑὲ
613 402 671 441 σοὶ
693 399 858 450 mdeste,
880 397 983 451 ἦμὲν
1004 397 1128 440 αὐτῶν
1146 399 1226 439 -ὃ
1251 398 1290 439 θ’
1311 397 1516 440 Ἀπόλλων.

382 458 476 502 ,εαώ
497 457 524 524 Ιχ.
543 471 580 511 9.
597 453 812 516 [Ιεριϊὲεΐή
835 455 1011 515 'J'homas
1037 454 1142 507 Mag.
1164 454 1205 493 in
1229 451 1379 506 περιορό
1395 482 1410 500 ,
1433 451 1613 506 περιϊθεῖν

345 510 414 552 καὶ
440 511 523 551 ἀντι
549 526 615 551 του
645 522 952 564 vepro-nomime,
977 509 1020 549 δι
1042 507 1157 549 affert
1190 519 1241 548 ex
1271 507 1350 548 hoc
1378 506 1494 554 Ioco,
1523 506 1614 546 ἀλλ’
1694 497 1721 559 ,J

345 564 566 618 ἀμφοτέροις
587 587 632 595 -
654 561 845 616 menisgin.

402 620 494 671 Pag.
526 618 611 659 106.
643 619 667 658 l.
691 616 728 659 8.
741 615 960 671 ’‘Rama-ov)
985 615 1046 656 Ita
1072 628 1154 658 non
1184 615 1283 657 male
1311 614 1411 656 Cod.
1436 612 1485 655 C.
1503 623 1617 654 antea

343 670 524 714 ἔλαττον.
540 672 629 713 vide
645 671 770 725 supra.
793 673 941 711 WASS.
962 670 1053 711 Hoc
1065 682 1113 710 ex
1137 669 1324 711 sententia
1340 669 1389 710 cl.
1403 667 1540 710 Waffe
1552 681 1615 708 re-

344 737 503 782 ceptum
517 726 592 774 est,
611 726 681 780 qui
702 725 830 766 deleto
850 723 1038 772 ἔλαττον,
1056 724 1164 778 quod
1180 724 1219 764 in
1239 722 1415 764 Hudsoni
1433 723 1474 763 δι
1491 722 1616 765 omni-

346 782 424 822 bus
452 780 534 821 aliis
556 780 639 821 edd.
663 778 744 827 est,
763 791 838 833 pro
857 792 908 820 eo
929 779 968 819 in
992 778 1162 832 margine
1187 777 1419 840 exemplaris
1443 775 1500 817 sui
1526 774 1617 816 sub-2
1695 775 1707 807 ‘5

346 834 521 876 stituerat
541 833 713 876 ἕλοιο-σον.
737 832 815 877 Etsi
837 843 966 874 autem
997 832 1076 873 hoc
1099 842 1250 877 tantum
1273 844 1388 876 unius
1417 829 1522 871 Codr
1542 827 1616 870 Ms.

347 889 575 930 au&oritate
594 889 753 936 nititur,
774 898 902 928 tamen
920 886 987 927 vel
1007 885 1086 927 fine
1106 899 1152 927 ea
1170 887 1211 926 in
1232 895 1460 927 contextum
1484 885 1627 924 admit-
1698 870 1707 922 ,⁵

346 944 379 984 ti
409 943 609 997 potuiffet3
631 956 722 984 cum
748 941 1003 983 Grammatici
1029 950 1182 981 veteres
1209 938 1422 986 testentur,
1446 938 1618 990 Thucy-³
1701 934 1722 947 ”

347 998 474 1039 didem
496 1010 698 1051 nunquam
717 996 756 1036 in
769 996 909 1042 talibus
926 995 1082 1049 gemino
1101 1009 1127 1034 τ
1149 992 1262 1036 usum
1272 991 1415 1047 suffic,
1432 993 1540 1048 quod
1557 993 1619 1033 su-

346 1065 419 1108 pra
441 1052 526 1107 plus
548 1051 664 1092 semel
686 1051 878 1094 monitum
902 1049 968 1090 est.

400 1110 476 1147 ead.
495 1107 519 1146 l.
545 1121 559 1146 1
572 1121 608 1169 3⁴.
625 1106 679 1146 Ἐν
699 1106 779 1160 γὰρ
803 1104 857 1154 τῷ
878 1100 1047 1158 προτοῦ)
1070 1102 1174 1144 Cum
1199 1101 1291 1147 dicit
1306 1115 1410 1145 antea
1427 1101 1514 1141 enim
1537 1101 1619 1140 παῖς

346 1161 404 1200 Iae
429 1162 506 1202 &c.
538 1172 732 1202 rationem
758 1158 879 1199 reddit
911 1159 1018 1205 eius,
1039 1157 1148 1212 quod
1181 1156 1358 1203 dixerat,
1379 1151 1619 1210 &massoni-

319 1227 325 1231 ·
348 1230 438 1255 τοις.
455 1215 549 1255 Ideo
562 1215 667 1255 enim
714 1223 836 1254 raeter
855 1211 1178 1267 exspe&ationem
1193 1210 1228 1251 id
1243 1210 1403 1257 accidit,
1424 1208 1533 1271 quod
1550 1221 1622 1248 an-
1692 1217 1703 1228 ”

348 1279 411 1309 tea
431 1269 582 1310 nullum
597 1269 689 1309 auxi
706 1269 789 1308 ium
805 1267 879 1307 iuis
899 1265 1131 1314 adveniffet,
1143 1264 1186 1306 &
1204 1277 1254 1306 ne
1270 1274 1366 1306 tunc
1382 1263 1539 1319 qmdem
1557 1262 1621 1303 ad-
1688 1271 1723 1322 J

346 1335 560 1366 venturum
579 1332 769 1378 putarent.
790 1322 943 1363 STEPH.
1696 1347 1701 1351 .

403 1378 496 1432 Pag.
508 1383 509 1386 ’
519 1391 606 1429 107.
622 1378 646 1417 l.
668 1392 704 1417 2.
719 1374 932 1430 Ἐπιπολὺ)
946 1374 1011 1416 De
1029 1371 1321 1428 supplemento,
1331 1370 1440 1426 quod
1453 1383 1476 1413 e
1495 1370 1622 1412 Scho-

346 1431 454 1473 liasta
477 1433 615 1487 repetit
641 1430 851 1473 Hudsonus
869 1430 910 1469 in
930 1430 1027 1471 Var.
1052 1427 1156 1469 Le&¹
1178 1426 1258 1470 vid.
1278 1425 1516 1482 Stephanum
1534 1424 1621 1480 Ap-
1705 1423 1710 1425 ’

346 1486 459 1542 pend.
478 1487 526 1527 ad
547 1486 688 1541 Script.
713 1485 759 1526 de
779 1483 943 1525 Diale&
970 1497 1008 1538 p.
1034 1494 1122 1536 115.
1617 1513 1619 1515 ,

403 1545 477 1582 ead.
493 1543 517 1581 l.
540 1556 577 1591 4.
593 1538 926 1596 Hpocsm'wav‘tec)
942 1536 1157 1592 Stephanus
1172 1547 1337 1590 quoque
1353 1533 1511 1596 videtur
1528 1545 1623 1588 pro-

347 1595 452 1636 basse
478 1597 818 1650 ’προσελάσαντες
849 1606 938 1634 nam
963 1592 1016 1632 ita
1040 1600 1205 1631 annotat
1234 1592 1282 1631 ad
1306 1601 1427 1643 marg.
1453 1588 1539 1629 edit.
1572 1598 1621 1628 2:
1698 1607 1699 1610 ¹

346 1648 554 1704 respondet
571 1648 812 1691 accusativus
826 1649 997 1702 proveae‘los
1015 1645 1173 1688 Graeco
1193 1642 1414 1687 accusativo
1434 1641 1623 1696 προσ-ελίι-
1692 1671 1694 1675 .

348 1719 519 1752 caemar,
537 1716 618 1744 non
642 1702 888 1744 nominativo
908 1699 1235 1756 προσελάσαντες.
1261 1698 1302 1739 Si
1323 1695 1510 1738 distinaio
1533 1694 1624 1757 post
1698 1726 1703 1750 ἱ

348 1757 511 1799 Νίσαιαν
537 1768 731 1812 ponatur,
756 1757 918 1810 vulgata
945 1754 1130 1808 scriptura
1157 1752 1359 1806 aliquanto
1381 1749 1626 1794 tolerabilior,
1695 1763 1698 1770 ’

347 1813 432 1854 erit.
457 1814 558 1854 Nam
579 1812 621 1852 δι
638 1812 730 1852 alibi
747 1813 838 1865 πρὶς
859 1823 949 1852 cum
968 1807 1197 1850 accusativo
1219 1806 1269 1846 de
1286 1805 1379 1848 loco
1401 1804 1491 1846 dicit
1511 1803 1622 1844 Thu·

349 1866 534 1921 cydides,
555 1879 631 1921 pro
654 1869 726 1913 ad,
750 1868 858 1918 apud,
879 1864 972 1905 Vid.
994 1861 1075 1908 111,
1102 1873 1145 1910 ις
1174 1860 1217 1902 δι
1238 1874 1303 1912 72.

322 1926 325 1931 ’
404 1925 479 1961 ead.
511 1922 534 1961 l.
564 1934 623 1974 15.
651 1916 961 1974 Περιορωμένους)
991 1916 1093 1958 Vide
1126 1914 1280 1956 Suidam
1303 1914 1344 1954 in
1365 1909 1621 1965 περιορὸῐσθαι.
1692 1939 1693 1942 =

319 2012 328 2028 k
347 1974 495 2016 WAss.
519 1975 569 2016 Et
590 1974 735 2015 Thom.
766 1971 914 2027 Magist.
942 1972 982 2012 in
1006 1968 1181 2023 τερεορῶ,
1205 1968 1273 2023 qui
1293 1967 1355 2009 hic
1377 1966 1622 2020 περιορῖιώοα
1693 1962 1699 1971 ”’
1721 1981 1722 1984 ¹

349 2029 456 2070 redte
473 2030 746 2084 interpretatur
764 2024 1021 2082 περισκοπεῖν.
1038 2022 1227 2069 Kusterus
1241 2021 1345 2075 apud
1357 2021 1514 2062 Suidam
1528 2019 1624 2059 Por-

348 2084 379 2123 ti
404 2083 625 2124 versionem
649 2083 793 2124 horum
822 2080 1037 2124 verborum
1056 2075 1302 2130 Thucydidis
1323 2087 1406 2117 non
1437 2074 1537 2115 bene
1564 2074 1624 2114 in-
1694 2082 1711 2127 g

349 2137 550 2182 crustavit.

405 2192 498 2246 Pag.
527 2191 613 2232 108.
639 2191 663 2231 l.
696 2203 755 2233 ιο.
774 2187 1004 2244 Ἀμοιχητὶ)
1029 2186 1092 2229 (31.
1112 2184 1297 2240 ἀμαχεὶ,
1313 2181 1520 2238 quomodo
1543 2182 1624 2222 Xe·

349 2245 470 2300 noph.
494 2245 686 2287 Plutarch.
707 2243 833 2286 Dion.
856 2243 979 2284 Halic.
1000 2241 1110 2293 saepe
1131 2238 1341 2294 ἀμαχητὶ,
1355 2237 1398 2278 &
1417 2235 1532 2277 semel
1557 2235 1624 2275 Io-

349 2298 456 2354 seph.
475 2299 617 2341 Noster
637 2309 848 2352 utrumque
864 2296 1030 2340 adhibet.
1050 2294 1143 2336 Vid.
1160 2293 1219 2340 V,
1233 2307 1275 2344 7,
1293 2290 1394 2338 VII,
1419 2305 1484 2338 14,
1502 2289 1624 2337 VIII,
1688 2306 1689 2311 ¹

355 2367 445 2408 105.
467 2355 613 2396 WAss.
637 2352 832 2394 Omnibus
853 2351 910 2392 his
932 2350 1050 2396 locis,
1068 2359 1115 2389 ut
1134 2347 1177 2388 &
1196 2346 1240 2394 Ι,
1267 2360 1357 2400 143,
1374 2343 1431 2385 est
1448 2342 1624 2397 οἰμοιχβί.>

406 2412 481 2450 ead.
503 2409 528 2450 l.
555 2421 614 2451 11.
635 2407 682 2448 oi
710 2408 789 2462 ’γὰρ
811 2402 1015 2460 Μεγαρῆς)
1037 2403 1166 2443 Totus
1183 2401 1246 2441 hic
1273 2400 1385 2458 Iocus
1408 2398 1520 2439 valde
1543 2397 1627 2437 ob·
1696 2415 1699 2419 *

352 2459 483 2508 scurus
494 2493 510 2514 ,
523 2463 588 2506 cui
608 2461 652 2507 &
667 2460 845 2505 tenebras
860 2457 1083 2502 offuderunt
1098 2457 1338 2511 interpretes.
1351 2452 1448 2508 quid
1468 2451 1539 2493 fibi
1557 2463 1627 2493 ve-
1699 2516 1701 2518 Ι
