1728 3120
335 216 430 266 452
542 197 1415 250 ANNOTATIONES

331 288 434 329 Nam
456 289 498 329 δι
524 288 576 330 slc
603 290 780 331 Thomas
799 286 951 341 Magist.
975 288 1015 327 in
1045 287 1229 340 βούλομαι
1254 301 1347 330 cum
1365 291 1500 348 ceteris
1520 288 1612 335 Mff.

385 345 462 383 ead.
486 345 512 384 l.
532 343 568 383 8.
591 343 634 384 ‘0
654 344 721 396 μὲν
744 341 956 397 Βρασίέας)
981 341 1158 394 Quidam
1179 342 1290 392 libri,
1315 343 1332 383 ὃ
1351 343 1421 394 μὲν
1439 346 1498 386 οὑν
1517 351 1612 400 Βροι-

335 397 467 437 σίδας.
492 397 565 438 Sed
595 398 758 438 alterum
778 395 879 450 apud
911 395 1086 452 nostrum
1107 395 1291 437 ufitatius.
1315 399 1463 439 Wass.
1483 399 1611 459 Supra

334 464 368 490 c.
398 465 443 491 21
469 451 582 492 huius
607 451 689 492 Lib.
709 448 910 506 semein&
932 449 1002 501 μὲν
1034 451 1093 490 οὑν
1120 450 1408 502 Λακεδαιμόνιοι
1429 454 1611 495 τοσαῦται

331 501 447 546 εἶπον.
472 504 533 545 sed
561 506 614 545 ibi
637 517 799 559 quoque
828 503 887 544 οὐν
907 516 931 542 a
951 503 1151 544 nonnullis
1171 504 1258 545 Mff.
1285 504 1399 546 abest.

388 562 465 599 ead.
487 559 512 599 l.
540 573 600 599 10.
622 555 910 610 Ψηφισάμενοι)
934 556 1021 597 Mff.
1042 558 1195 611 quidem
1217 557 1552 611 ὣιαψηφισάμενοι.
1566 570 1608 601 at

333 612 406 653 81&
425 612 550 652 statim
572 612 757 667 sequitur.
779 613 925 652 WAss.
948 612 1040 651 Hoc
1059 611 1342 653 Demosthenes
1363 612 1405 653 δι
1424 613 1488 654 alii
1507 613 1609 654 Ora-

331 676 438 707 tores
460 666 583 706 Attici
612 666 840 720 plerumque
858 665 991 704 dicunt
1005 664 1164 718 κρύβδην
1185 665 1461 717 ψηφίσασθαι,
1481 667 1519 707 id
1537 667 1610 718 est,

323 721 458 760 'sabella
474 719 791 774 sufflagiumftrre.
811 717 936 769 ψῆφον
958 722 1120 772 φανερὰν
1139 718 1353 774 διενεγκεῖν
1373 720 1470 761 dixit
1493 721 1608 762 Thu-

330 774 422 827 cyd.
449 774 550 828 supr.
569 787 603 814 c.
622 789 697 825 74,
711 788 792 814 voce
806 771 1012 826 suffragium
1028 772 1128 825 ferre.
1147 773 1242 814 Bud.
1267 774 1315 814 ad
1340 775 1368 814 l.
1386 775 1456 815 ult.
1483 774 1538 815 D.
1560 775 1610 817 de

331 828 546 868 Senatorib.
570 828 612 868 δι
632 829 656 868 l.
678 842 703 881 9
726 827 782 867 D.
807 828 854 867 de
875 826 992 866 Poen.

394 886 470 922 ead.
498 883 522 922 l.
562 882 919 922 ιο..’Πιο-τώσαντες
949 882 1068 921 αὐτὴν
1098 879 1179 922 τοῖς
1207 879 1353 935 ὅρκοις)
1381 882 1491 922 Haec
1521 895 1606 924 non

332 937 537 977 nominato
555 935 716 976 auflore
737 948 817 976 una
838 946 929 974 cum
954 935 1273 988 interpretatione
1297 936 1525 977 Scholiastae
1550 937 1608 978 le·

331 1001 479 1045 guntur
498 991 539 1030 in
559 990 673 1031 Suida
700 1004 742 1030 v.
769 988 1043 1029 πιστώσαντες.

396 1046 488 1097 Pag.
525 1058 612 1106 ¹3¹·
635 1045 657 1084 l.
705 1073 715 1083 .
734 1042 966 1097 Στάγειρος)
990 1041 1095 1084 Urbs
1117 1041 1273 1082 condita
1290 1041 1346 1082 est
1363 1044 1608 1099 temporibus

334 1098 563 1139 Archilochi
589 1099 634 1139 &
655 1058 699 1138 ”l³
723 1098 828 1137 aletis
861 1096 912 1136 A.
939 1097 995 1136 M.
1034 1109 1148 1151 3403.
1171 1096 1371 1151 Στάγειρα
1398 1100 1453 1137 τὰ
1478 1098 1610 1153 Steph.

331 1152 367 1192 ἐν
394 1152 618 1207 Σταγείροις
640 1151 682 1192 δι
710 1152 745 1191 ἐν
773 1150 962 1205 Σταγείρῃ
986 1149 1211 1191 Aristoteles
1242 1151 1282 1189 'm
1309 1149 1476 1192 Testam.
1504 1153 1609 1208 apud

332 1207 530 1248 Laertium
555 1207 611 1255 V,
639 1220 687 1255 14
715 1205 756 1245 &
779 1204 839 1246 16.
864 1205 906 1244 δι
923 1203 1180 1258 Theophrast.
1202 1203 1347 1245 Histor.
1375 1204 1430 1245 Pl.
1453 1219 1553 1253 102,
1570 1207 1607 1247 ἐν

291 1298 296 1303 .
334 1260 573 1315 Σταγείροις.
595 1260 793 1314 Στάγειρα
821 1258 926 1309 κώμη
958 1257 1026 1298 τῆς
1049 1257 1240 1299 Ὀλυνθίας
1263 1257 1346 1298 Dio
1372 1257 1607 1312 chrysosto-

334 1328 423 1356 mus
443 1314 556 1355 Orat.
582 1313 744 1355 XLVss.
769 1310 788 1354 ἦ
821 1310 879 1353 νῦν
912 1311 1042 1366 Mam
1057 1341 1071 1359 ,
1094 1312 1224 1366 inquit
1253 1311 1389 1352 anaor
1416 1313 1465 1353 ad
1487 1313 1607 1354 finem

333 1368 486 1409 Codini.
500 1367 608 1408 Civis
618 1366 875 1421 Σταγειρίτης
890 1366 967 1407 vid.
978 1365 1096 1405 Inscr.
1114 1365 1216 1420 apud
1231 1365 1455 1407 Reinefium
1470 1367 1607 1416 XVII,

339 1436 400 1474 17.
420 1424 503 1463 Har
531 1432 653 1462 octat.
677 1422 716 1461 in
735 1418 909 1472 Νικάνωρ.
934 1419 1125 1461 Plutarch.
1145 1419 1333 1460 Alexand.
1357 1433 1396 1475 p.
1419 1421 1520 1470 668,
1541 1422 1609 1463 ad.

332 1476 469 1518 versus
526 1476 623 1517 olot.
652 1476 766 1515 1126.
795 1476 942 1516 WAss.
1394 1488 1397 1493 ·

388 1533 464 1571 ead.
487 1531 513 1570 l.
535 1530 572 1569 8.
595 1531 652 1570 Ἐς
669 1531 744 1569 τὰς
758 1527 882 1578 Σίφας
895 1526 1142 1582 mxv-nim)
1161 1527 1256 1568 Non
1272 1527 1392 1569 video
1403 1559 1415 1578 ,
1431 1528 1524 1582 quid
1536 1527 1606 1571 fibi

331 1585 510 1627 voluerit
530 1584 669 1625 Portus
689 1582 953 1637 interpolanda
969 1581 1149 1623 versione
1171 1581 1311 1622 Vanae
1324 1612 1337 1631 ‚
1355 1583 1484 1623 addito
1506 1596 1608 1638 pro-

337 1640 496 1680 nomine
517 1640 558 1679 εἰ.
579 1636 770 1688 Ἀπαντξοῖν
792 1636 904 1691 saepe
925 1635 980 1677 est
999 1648 1086 1677 certo
1113 1647 1276 1691 tempore,
1299 1636 1356 1676 vel
1371 1638 1445 1676 loco
1467 1637 1576 1691 adff
1589 1667 1607 1685 ,

330 1708 416 1747 prae
444 1710 465 1734 ο
482 1693 566 1747 ff,
586 1703 633 1732 ut
657 1690 838 1742 ἀπαντᾷν
857 1690 922 1730 ἐπὶ
946 1689 1014 1731 ’τὴν
1032 1690 1140 1731 sitem»
1154 1721 1167 1739 ,
1183 1689 1248 1730 ἐπὶ
1271 1690 1339 1730 τὴν
1363 1693 1487 1744 κυρίαν
1501 1722 1514 1740 ,
1539 1691 1607 1732 ἐπὶ

334 1750 379 1786 τὸ
428 1743 656 1801 ικαστῇριον,
674 1745 740 1785 ἐπὶ
759 1744 826 1786 τὴν
839 1742 1009 1785 δίαιταν.
1023 1744 1070 1785 de
1086 1745 1227 1798 quibus
1241 1745 1422 1784 Budaeus
1436 1745 1474 1784 in
1486 1744 1608 1786 Com-

334 1811 498 1842 mentar.
521 1814 559 1854 p.
586 1814 663 1850 40,
688 1800 731 1840 &
755 1800 803 1839 ad
827 1798 854 1837 1.
887 1812 910 1838 2
938 1797 991 1839 D.
1024 1799 1070 1839 de
1095 1798 1205 1852 Orig.
1234 1798 1308 1838 iur.
1329 1798 1440 1853 Supr.
1465 1812 1499 1839 c.
1527 1813 1608 1851 70,

334 1856 498 1895 Κελεὺων
526 1856 634 1895 κατὰ
661 1853 795 1906 τάχος
816 1851 980 1905 στρατιᾷ
1007 1851 1233 1892 ἀπαντῆσαι
1256 1852 1320 1892 {oxi
1349 1852 1609 1906 &pmoaeh'mtov-

335 1909 463 1949 Latini
484 1923 649 1949 occurrere
672 1908 814 1948 dicunt.
832 1905 974 1947 Cicero
994 1906 1011 1946 Ι
1031 1906 1191 1961 Philipp.
1213 1920 1239 1956 4
1251 1935 1264 1953 ,
1289 1907 1376 1946 Non
1395 1921 1460 1960 quo
1479 1923 1529 1946 me
1556 1909 1606 1946 ad

336 1975 466 2016 tempus
496 1962 709 2015 occursurum
728 1974 897 2016 putarem.
936 1961 1116 2000 Occurrent
1137 1961 1276 2000 concilio
1289 1990 1302 2008 ‚
1327 1960 1412 1999 Liv.
1444 1961 1607 2010 XXXI.

336 2031 402 2072 29.
431 2019 614 2058 Occurrere
638 2018 690 2056 ad
701 2015 931 2056 vadimonium
942 2044 957 2061 ,
977 2014 1136 2055 Sueton.
1161 2013 1244 2055 Cal.
1267 2013 1459 2055 XXXIX.

390 2074 464 2111 ead.
495 2072 521 2111 l.
554 2085 614 2126 ¹3·
637 2067 708 2110 Τοῦ
736 2067 1085 2123 ἐπιβουλεύματος)
1111 2068 1216 2109 Male
1239 2067 1311 2109 Gr.
1338 2067 1609 2121 βουλεύματοςε

333 2127 483 2167 WAss.

393 2181 484 2232 Pag.
510 2193 596 2234 132.
618 2178 641 2218 l.
671 2193 707 2232 3.
728 2177 775 2218 oi
796 2173 1058 2232 πράσσοντες)
1085 2175 1266 2218 Annotat
1284 2174 1538 2218 casaubonus
1554 2176 1605 2218 ad

337 2232 546 2287 Polybium
572 2245 623 2286 pa
651 2263 659 2272 .
688 2231 782 2286 185,
807 2230 994 2286 πράσσειν
1020 2229 1080 2270 sae
1110 2243 1131 2270 e
1151 2230 1251 2270 idem
1274 2228 1350 2271 effe
1371 2242 1416 2270 ac
1467 2233 1574 2270 rodere
1588 2261 1604 2281 ‚

337 2300 501 2343 eamque
523 2286 618 2340 figni
647 2287 840 2326 cationem
861 2285 975 2326 huius
1003 2297 1076 2326 ver
1102 2285 1113 2323 i
1145 2296 1235 2324 cum
1259 2296 1309 2324 ex
1334 2282 1412 2324 hoc
1479 2284 1605 2336 bucy-

337 2342 460 2389 didis,
481 2351 565 2382 tum
587 2354 636 2380 ex
663 2340 830 2380 aliorum
848 2338 1079 2393 scriptorum
1101 2338 1198 2378 locis
1217 2336 1388 2378 ostendit.
1411 2337 1460 2377 Et
1478 2337 1606 2392 Span-

336 2395 438 2436 hem.
454 2396 502 2435 ad
514 2393 708 2448 Aristoph.
731 2392 828 2434 Plut.
850 2407 892 2433 v.
912 2405 990 2442 410
1003 2423 1016 2441 ‚
1036 2404 1059 2432 e
1079 2404 1163 2446 cap.
1190 2404 1265 2432 110
1279 2390 1394 2431 huius
1411 2391 1512 2431 libri.
1535 2391 1601 2433 sic

336 2450 451 2490 etiam
472 2450 550 2490 hoc
570 2448 664 2489 loco
687 2448 830 2501 accipit
857 2444 1082 2486 Scholiastes
1105 2445 1472 2510 (quamquamnnon
1497 2443 1604 2486 reQe

337 2502 528 2557 ἁμαρτίαν
547 2501 707 2558 exponit
730 2500 957 2555 προδοσίαν,
982 2512 1055 2554 pro
1079 2498 1316 2554 διαμαρτίαν
1337 2513 1410 2543 των
1437 2497 1573 2553 rip-⁶95⁹
1586 2529 1603 2550 ,
