1728 3120
385 173 473 223 532
587 157 1458 209 ANNOTATIONES

378 263 440 289 νην
455 279 470 296 ,
489 245 544 299 ἐφ’
563 245 591 299 ,ὃ
617 247 714 290 τίετε
739 250 873 303 μακρὰ
892 248 1012 302 τείχη
1039 249 1104 289 καὶ
1125 251 1190 291 τὸν
1214 251 1374 305 Πειραῖοι
1405 251 1651 294 naemu-nef.

380 299 547 343 Diodor.
567 303 684 344 Sicul.
709 317 748 357 p.
775 303 850 358 389
873 303 1062 357 περιελεῖν.

433 358 513 396 ibid.
532 354 621 398 ’Έτη
651 355 695 396 Σὲ
719 380 765 387 -
788 357 920 411 ἑγεν.)
940 357 1033 397 Non
1059 356 1214 397 videtur
1243 359 1482 400 concordare
1511 361 1647 400 Xeno-

379 409 501 464 phon.
523 410 623 451 Nam
647 411 732 450 Lib.
755 426 771 451 1
801 409 1013 451 Ἑλληνικῶν
1035 411 1113 460 ait,
1134 411 1270 464 viginti
1291 411 1384 452 0610
1404 413 1553 454 durasse
1575 426 1647 460 anfl-

381 477 455 504 nos
466 495 477 512 ‚
490 464 530 504 &
544 465 681 518 viginti
695 477 841 505 novem
856 465 1036 518 Ephoros
1050 466 1223 505 nominat
1237 496 1249 514 ,
1274 467 1315 505 δι
1338 478 1515 507 numerat
1527 466 1648 520 usque

380 518 428 558 ad
450 518 612 558 reditum
630 517 842 570 Lysandri,
861 517 947 571 post
965 532 1100 572 pacem
1121 518 1257 560 faCtam
1275 520 1318 560 δι
1342 533 1475 561 muros
1489 521 1648 562 eversos

380 572 422 612 δι
449 572 604 612 Samum
625 581 786 625 captam.
817 572 890 611 Sed
909 573 1132 626 Xenophon
1159 575 1381 613 numeravit
1405 575 1574 628 primum
1603 575 1647 615 δι

379 625 559 666 ultimum
579 638 725 665 annum
746 626 934 679 integr053
958 625 1210 680 Thucydides
1233 640 1332 669 vero
1349 629 1532 670 exafflus.
1558 627 1646 668 Pal·

355 681 522 720 ·merius
545 679 747 720 Exercitat.
771 693 808 733 p.
836 694 894 732 52·
917 680 1058 720 HUDs.

434 734 527 787 Pag.
549 747 637 788 245.
664 734 690 774 l.
710 734 747 774 6.
773 728 823 773 Οὔ
843 733 1026 788 πολλὰς)
1047 735 1155 775 Haec
1173 733 1306 775 desunt
1330 734 1402 776 Gr.
1430 745 1647 790 perperam*

378 789 526 827 WAss.

437 842 518 880 ibid.
543 841 612 881 Καὶ
631 839 708 882 τοῖς
731 863 777 872 -
798 839 1068 895 ἐξηγήσομαι)
1088 840 1260 894 Dionys.
1286 842 1410 882 Halic.
1435 842 1554 882 Tom.
1582 842 1619 882 Π
1635 873 1650 893 ,

380 907 467 948 pag.
497 910 584 944 142.
606 896 673 935 ubi
694 893 867 948 agnoscit
889 895 1030 948 μέχρις
1044 925 1059 942 ,
1074 908 1155 935 non
1178 898 1318 950 μέχρι,
1348 897 1553 950 quomodo
1575 910 1649 937 no·

379 947 499 989 strum
524 949 702 1003 scripsisse
722 958 850 988 tamen
872 947 1053 1002 suspicor.
1073 951 1220 989 WAss.

435 1006 510 1044 ead.
526 1004 551 1042 l.
564 1017 602 1054 7.
616 1002 801 1057 Ἐχυρᾶῐς)
813 1001 873 1042 Cl.
892 1002 964 1043 Gr.
978 1000 1157 1056 ἰσχυρτῖς.
1174 1003 1230 1042 At
1242 1002 1334 1042 illud
1346 1003 1558 1056 genuinum
1579 1003 1647 1045 est.
1727 1047 1728 1050 ,

381 1056 509 1098 IDEM.
533 1056 714 1111 Ἰσχυρῶς
731 1055 896 1097 fortaffis
913 1055 968 1096 est
989 1057 1038 1095 ab
1064 1058 1382 1110 interpretatione
1402 1057 1648 1099 Scholiastae.

436 1114 511 1151 ead.
530 1111 555 1150 l.
582 1125 596 1150 1
611 1125 640 1149 1.
667 1108 959 1163 Αἶα-θεινόμενος)
983 1110 1157 1163 Quidam
1179 1109 1265 1150 libri
1288 1110 1521 1163 αἰσῧόμενος.
1539 1123 1578 1152 at
1594 1112 1645 1152 ab

385 1165 496 1205 editis
517 1164 588 1204 stat
611 1164 783 1216 Dionys.
810 1164 934 1204 Halic.
954 1163 977 1203 1.
997 1166 1032 1204 d.
1055 1166 1203 1204 WAss.

434 1221 510 1258 ead.
532 1220 557 1258 l.
582 1233 641 1273 15.
662 1214 749 1257 Τοῖξ
768 1217 1094 1272 Πελοποννησίων)
1117 1217 1287 1271 Dionys.
1312 1217 1437 1259 Halic.
1467 1217 1548 1260 τοῖς
1569 1223 1645 1259 Πε-

379 1272 651 1321 mommo-ioan
669 1271 731 1312 sed
746 1272 871 1312 minus
889 1271 1106 1319 elevanter,
1123 1283 1169 1312 ut
1183 1271 1262 1312 fere
1284 1271 1386 1312 alias.
1404 1272 1531 1312 IDEM.

436 1328 528 1381 Pag.
559 1326 646 1376 248.
668 1327 692 1365 l.
728 1339 760 1366 1.
775 1325 884 1368 Ἀνευ
908 1305 976 1367 ⁷0²5
999 1325 1122 1379 ἓημου
1147 1325 1221 1367 τοῖν
1244 1325 1448 1381 Ἀργείων)
1476 1326 1578 1368 Vide
1597 1327 1646 1368 ad
1726 1376 1728 1378 Ι

435 1394 510 1474 εάΞ.
542 1434 566 1474 l.
594 1448 632 1485 7.
660 1434 738 1474 Διέι
758 1434 834 1474 τὰς
857 1432 1070 1488 ξυμφορᾶς)
1094 1433 1239 1480 Aliter,
1268 1433 1311 1474 δι
1339 1432 1501 1482 reffius,
1527 1447 1645 1488 quam

382 1487 633 1534 Scholiastes,
661 1488 738 1528 hoc
763 1489 912 1542 accepit
936 1487 1139 1529 Diodorus
1162 1487 1280 1528 Sicul.
1307 1487 1412 1536 XII,
1440 1502 1538 1554 3²4²
1564 1488 1645 1529 Τῶν

378 1542 427 1583 ὃὲ
451 1541 752 1593 Λοικεὸιιιμονίων
775 1542 1102 1595 τεταπεινωμένων
1125 1540 1174 1594 τῇ
1195 1541 1286 1595 ‘9⁶53’
1309 1541 1382 1582 eh&
1406 1555 1475 1583 την
1498 1540 1644 1585 ἅλωσιν

378 1595 454 1638 τῶν
480 1596 517 1637 ἐν
535 1595 585 1647 ‘riv‘
605 1595 828 1648 Σφακτηρίᾳ
849 1592 956 1646 νήσῳ,

431 1651 512 1690 ibid.
534 1648 715 1704 Ἀργεῖοι)
736 1650 828 1690 Vid.
844 1649 1013 1691 Diodor.
1033 1649 1136 1697 XII,
1163 1662 1239 1704 324
1258 1648 1294 1688 d.
1318 1650 1466 1689 WAss.

435 1705 529 1759 Pag.
551 1718 640 1757 249.
662 1705 687 1743 l.
709 1717 748 1755 7.
766 1703 887 1744 Πλέον
907 1719 948 1744 τι
971 1703 1152 1757 εἰὸὂτοις)
1175 1702 1392 1757 Stephanus
1408 1703 1548 1743 vertit:
1566 1716 1644 1743 ma-

377 1758 434 1812 gis
446 1758 616 1811 subdubla
633 1758 761 1798 ratione
769 1787 784 1804 ‚
805 1757 894 1808 vel,
914 1759 1012 1798 rebus
1030 1758 1150 1798 melius
1169 1757 1352 1810 compertis.
1373 1755 1544 1797 Aeacius
1558 1770 1642 1797 non

378 1813 501 1852 male:
523 1827 626 1866 neque
652 1810 746 1852 enim‘
762 1811 842 1852 illos
855 1842 872 1860 ‚
898 1812 965 1865 nili
992 1811 1085 1866 quid
1108 1824 1200 1866 prae
1223 1810 1304 1851 aliis
1322 1809 1503 1858 scientes,
1524 1810 1641 1864 fhcios

421 1882 433 1904 1
465 1882 482 1904 e
507 1878 707 1906 mutaturos.

371 1865 508 1960 fi‘qad·
526 1922 551 1960 I.
579 1934 638 1961 10.
664 1918 836 1973 Εὔορκον)
858 1918 946 1959 vid.
970 1932 1005 1959 c.
1036 1917 1083 1958 18
1109 1917 1152 1958 &
1177 1932 1240 1972 23.
1258 1918 1404 1959 WAss.

434 1975 529 2028 Pag.
555 1987 645 2027 250.
665 1974 691 2014 l.
718 1988 754 2013 2.
771 1967 951 2027 ’Ὠρμηντο
975 1975 1067 2027 στρος
1085 1970 1172 2012 τοὺς
1194 1971 1396 2027 Ἀργείους)
1413 1972 1522 2012 Haec
1543 1985 1642 2014 con-

374 2027 502 2068 iunxit
521 2027 663 2068 Portus
680 2028 720 2067 in
748 2026 952 2074 verslone,
971 2039 1018 2067 ac
1041 2026 1177 2067 deinde
1204 2024 1509 2080 supplementum
1534 2027 1641 2066 addi·

375 2082 456 2128 dit,
478 2093 517 2121 ut
542 2083 578 2121 δ’
601 2083 667 2135 ipfi
678 2082 810 2147 singuli
829 2081 1024 2134 societatem
1049 2093 1139 2121 cum
1160 2079 1233 2120 illis
1256 2079 1420 2132 facerent.
1441 2079 1514 2120 Sed
1539 2081 1640 2121 ordo

375 2136 590 2176 verberum
612 2135 667 2175 est
681 2166 694 2184 ,
717 2133 880 2189 ὥρμηντο
908 2135 975 2175 καὶ
1002 2130 1110 2175 αὐτοὶ
1134 2130 1289 2173 ἕκαστον
1315 2134 1516 2174 ποιεῖσθαι
1543 2133 1641 2186 ξυμ-

372 2189 534 2243 μοιχίαν
555 2191 646 2243 πρὶς
667 2188 754 2230 τοὺς
785 2188 988 2242 Ἀργείους.
1015 2187 1225 2241 Ὁρμέιομοιι
1255 2201 1343 2227 cum
1365 2186 1562 2228 Infinitivo
1581 2187 1637 2228 est

375 2243 480 2298 apud
502 2243 771 2295 Thucydidem
796 2241 873 2289 111,
895 2256 972 2295 45,
996 2256 1075 2295 92„
1097 2242 1140 2282 δι
1164 2241 1265 2295 apud
1279 2253 1416 2281 omnes
1439 2241 1549 2282 alios.
1565 2242 1639 2282 Vi-

377 2297 425 2338 de
439 2297 517 2339 Th,
535 2296 687 2350 Magist.
715 2298 754 2336 in
767 2295 960 2348 βούλομαι.
987 2295 1037 2335 Et
1062 2294 1297 2348 ξυμμαχίαν
1319 2294 1518 2336 marenae
1541 2294 1635 2350 πρός

374 2365 461 2392 τίνοι
477 2350 698 2403 Thucydid.
718 2348 935 2402 saepiffime.
954 2350 1044 2389 Vid.
1067 2349 1171 2403 supr.
1189 2361 1223 2388 c.
1246 2362 1295 2388 22
1318 2349 1359 2388 δε
1383 2362 1446 2399 27.

431 2405 522 2459 Pag.
543 2419 633 2460 251.
652 2405 677 2443 l.
702 2418 735 2444 1.
751 2403 817 2444 ’Ὴν
834 2401 887 2454 μή
911 2418 950 2443 τι
971 2402 1096 2450 Βεῶν)
1121 2403 1231 2442 Haec
1254 2402 1374 2442 verba
1394 2402 1435 2441 in
1455 2401 1636 2442 omnibus
1682 2376 1692 2391 ι

374 2458 592 2502 foederibus
607 2456 836 2512 subintelligi
858 2456 1019 2506 debent3
1041 2469 1123 2501 non
1145 2456 1248 2498 enim
1271 2455 1407 2497 diserte
1430 2457 1639 2506 contineri-3
1711 2471 1713 2474 ⁴
