1728 3120
372 186 493 249 μ’
665 177 1356 225 THUCYDIDIS

373 292 472 340 γοιρ
493 297 562 334 την
580 266 790 334 Φυλακην
805 297 885 326 των
903 298 1061 347 τριηρων
1086 273 1341 327 ἒλοίνθοινον
1325 297 1448 327 οποτε
1467 297 1642 365 meusim

376 350 428 400 ἔκ
452 373 595 401 vomu
626 363 693 410 ειη
723 348 874 423 ἄπορον
898 373 990 418 γοιρ
1016 353 1206 415 ἐγίγνετο
1228 354 1469 424 περιορμεῖν.
1496 355 1577 410 τοῖς
1598 344 1646 403 ὃε

375 419 596 488 ἀφειὸης
581 449 599 476 ο
621 425 882 484 κάτοίπλους
908 426 1176 487 κοιθεστηκει.
1204 427 1452 480 ἐπώκελλον
1473 450 1565 495 γοιρ
1586 450 1646 480 τοι

376 505 521 554 πλοιοι
537 499 798 574 τετιμημένοι
815 502 1061 575 χρημάτων
1086 526 1165 555 κοιι
1190 509 1223 556 οἱ
1250 507 1431 555 ὁπλῒτοιι
1453 526 1544 576 περι
1563 525 1646 562 τοις

375 579 609 651 κατάρα-εις
635 602 705 639 της
734 600 853 638 vno-ov
881 576 1150 641 ἐφυλοισο-ον.
1179 578 1265 631 ἵσ-οι
1293 571 1339 632 δε
1363 578 1534 646 γοιληνη
1559 603 1648 631 κιν-

378 652 633 709 ὃυνεύσειοιν,
655 657 885 716 ἡλίσκοντο.
912 651 1057 707 ὲσένεον
1081 646 1127 708 δε
1149 678 1227 707 κοιι
1253 678 1377 708 καιτοι
1399 680 1464 708 τον
1488 651 1651 725 λιμένοι

378 728 664 800 κολυμβηται
690 727 884 822 ὅφυὸροι,
915 732 1164 803 κοιλωὸιῳ’
1153 754 1190 784 εν
1218 735 1370 790 οἱα-κοῖς
1400 729 1651 795 ἐφέλκοντες

381 805 565 877 μήκωνα,
581 803 946 878 μεμελιτωμένην,
962 830 1038 859 κοιι
1058 813 1170 860 λίνου
1183 805 1367 880 ο-π-ἔρμοι
1380 804 1648 878 κεκομμένον

381 907 435 935 ων
462 907 664 956 τοπρωτον
692 883 993 938 λοινθοινοντων,
1025 881 1238 947 <amaneu
1265 905 1426 972 υστερον
1453 880 1648 949 ἐγένοντο.

382 966 519 1013 παντί
531 982 576 1012 τε
601 980 743 1047 τροπω
762 959 943 1051 ἑκατεροι
969 959 1210 1023 ὲτεχνωντο,
1231 966 1265 1012 οἱ
1291 982 1391 1031 μεν,
1414 957 1652 1030 ἔστι-ἔμπαν

382 1059 443 1089 τοι
461 1043 600 1092 οἰτιόι,
620 1062 653 1089 οι
645 1026 740 1090 ‘Aa
727 1059 823 1105 ,μη
842 1036 1057 1088 λοινθοινειν
1075 1038 1218 1100 σφοις.

145 1119 230 1152 ⁸⁶¹¹·
242 1121 360 1166 Pel0p·
458 1107 544 1178 κζ.
565 1113 634 1166 Εν
649 1102 693 1164 δε
707 1115 802 1170 ταῖς
816 1110 1006 1173 Ἀθηνοιις
1020 1112 1308 1183 πυνθανομενοι
1323 1134 1416 1186 περι
1432 1136 1503 1173 της
1517 1133 1653 1184 στραι-

186 1175 327 1294 (Ξῗγιξρ.
381 1190 500 1248 τιοῖς,
528 1188 588 1242 ὅτι
613 1191 983 1261 ταλαιπωρειτοιι,
1005 1211 1083 1241 κοιι
1104 1212 1217 1247 σιτος
1242 1213 1324 1247 τοις
1340 1190 1377 1242 ἒν
1394 1191 1446 1254 τῇ
1463 1210 1574 1261 νησῳ
1594 1211 1654 1240 οτι

143 1297 189 1332 U
204 1298 244 1330 C.
261 1299 361 1332 Varr-

218 1353 294 1384 329-
381 1361 465 1402 quo
495 1347 541 1388 ad
564 1348 724 1389 insulam
749 1346 1003 1389 deferrentur.
1041 1347 1190 1389 facilius
1215 1347 1320 1389 enim
1348 1347 1565 1388 triremium
1588 1361 1660 1389 cu-

143 1384 208 1418 lul.
229 1399 355 1420 exeun·
464 1418 471 1424 .
903 1419 910 1427 .
1302 1420 1310 1427 .
1387 1418 1395 1425 .

143 1437 198 1471 te,
218 1434 273 1464 νει
287 1433 356 1471 Au-
379 1417 539 1458 stodiam
571 1417 767 1468 latebant,
801 1430 956 1473 quoties
987 1430 1131 1460 ventus
1159 1433 1183 1460 a
1218 1432 1315 1459 mari
1344 1417 1523 1473 spirabat.
1555 1418 1660 1458 Nam

166 1474 335 1555 gffisstgn‘
378 1488 535 1529 Atticae
558 1501 681 1530 naves
700 1501 795 1530 tunc
821 1488 1028 1530 stationem
1055 1491 1203 1531 circum
1227 1489 1387 1534 insulam
1409 1489 1552 1530 habere
1575 1502 1660 1532 non

380 1569 574 1612 poterant.
604 1560 683 1600 Illis
703 1573 804 1601 vero
832 1558 969 1601 cursus
993 1559 1042 1599 ad
1064 1559 1178 1601 litora
1203 1572 1285 1600 non
1310 1572 1450 1614 parcus
1469 1557 1545 1600 effe
1565 1571 1662 1600 con-

383 1628 584 1679 sueverat,
610 1642 700 1670 nam
725 1629 791 1670 sua
819 1630 975 1684 navigia
996 1631 1169 1685 pecuniis
1196 1629 1390 1671 aestimata
1411 1630 1452 1670 in
1473 1629 1564 1670 litus
1582 1630 1662 1670 im-
1675 1627 1685 1633 '

385 1699 616 1754 pingebant3
646 1700 688 1740 δι
715 1700 1116 1741 Lacedaemoniorum
1140 1700 1302 1748 milites,
1337 1700 1386 1740 ad
1411 1699 1495 1740 illas
1514 1698 1662 1740 insulae

386 1778 540 1823 partes,
565 1769 613 1809 ad
637 1782 734 1823 quas
760 1770 969 1810 commode
991 1783 1113 1812 naves
1141 1769 1332 1824 appellere
1357 1778 1564 1823 poterant,
1590 1781 1663 1808 ex·

387 1838 520 1879 cubias
537 1839 713 1892 agebant.
741 1839 959 1894 Quotquot
971 1853 1071 1880 vero
1090 1842 1191 1880 mari
1211 1840 1421 1895 tranquillo
1445 1839 1662 1895 periculum

386 1908 580 1951 subiissent
591 1941 603 1959 ,
617 1911 971 1965 intercipiebantur.
989 1910 1089 1952 Illuc
1102 1901 1220 1952 etiam
1234 1923 1302 1965 per
1321 1921 1480 1965 portum
1503 1910 1662 1950 adnata-

388 1982 481 2022 bant
502 1982 720 2023 urinatores
737 1981 806 2023 sub
830 1983 943 2037 aquis
962 1993 1157 2032 natantes,
1179 1981 1354 2023 funiculo
1374 1994 1545 2036 papaver
1563 1979 1663 2021 mel-

387 2053 501 2093 litum
514 2085 527 2102 ,
545 2053 688 2107 linique
709 2052 837 2093 semen
862 2053 1068 2095 contusum
1092 2054 1132 2094 in
1149 2053 1298 2095 utribus
1319 2052 1572 2103 attrahentes:
1593 2050 1663 2106 qui

388 2137 481 2164 cum
504 2123 615 2164 initio
635 2122 813 2164 custodes
833 2121 1130 2163 Atheniensium
1161 2120 1395 2170 fefelliffent‚
1424 2119 1561 2176 postea
1588 2119 1663 2160 oh-

389 2195 532 2237 servari
549 2195 678 2250 coepti
698 2195 795 2235 sunt.
822 2194 872 2235 Et
887 2194 1026 2249 quavis
1045 2194 1199 2234 ratione
1217 2193 1374 2246 utrique
1396 2190 1665 2240 conabantur3

391 2265 433 2304 hi
452 2265 609 2320 quidem
622 2296 636 2316 ‚
656 2274 900 2306 commeatus
923 2262 1203 2313 transmittere,
1232 2262 1274 2302 hi
1295 2273 1418 2311 vero,
1443 2269 1586 2302 cavere
1609 2270 1662 2299 ne

391 2334 432 2376 se
455 2334 604 2375 lateret.

446 2403 614 2445 XXVII.
638 2401 894 2444 Athenienses
914 2414 1014 2444 vero
1027 2432 1039 2451 ,
1061 2400 1128 2455 qui
1151 2399 1191 2439 in
1210 2398 1308 2440 urbe
1329 2408 1465 2448 erant,
1486 2410 1577 2439 cum
1599 2395 1663 2437 in-

392 2472 637 2527 teuexiffent,
660 2472 776 2519 suum
796 2473 1013 2516 exercitum
1036 2472 1154 2516 variis
1175 2469 1432 2513 incommodis
1452 2467 1591 2523 affligi,
1615 2466 1661 2508 &
