1728 3120
381 166 470 216 552
573 151 1446 200 ANNOTATIONES

432 242 524 294 Pag.
547 254 634 296 304.
654 243 678 282 l.
700 255 758 291 14.
780 239 1043 295 ’Evesisoo-oev)
1070 241 1202 282 Habet
1221 236 1644 304 significationemjwro-

378 294 547 335 ditionis.
569 295 629 336 Sic
649 296 725 343 lv,
739 296 807 347 76,
826 301 898 334 Χοιι
921 295 1044 336 ώνειαν
1066 294 1112 335 δὲ
1136 297 1247 336 ἄλλοι
1272 295 1315 350 ἐξ
1333 297 1555 351 Ὀρχομενου
1577 299 1646 340 ἑνε-

378 348 554 390 sisocav.
575 349 666 390 Ibid.
693 348 768 399 88,
789 349 830 389 &
853 349 892 387 V
914 348 954 397 I,
976 348 1040 398 48.

435 403 528 457 Pag.
555 404 640 455 306,
663 404 680 442 l
709 417 746 455 9.
770 403 841 441 Ka}
865 398 912 443 ὧς
934 401 1065 457 οὔπω)
1094 401 1221 443 Schol.
1240 402 1302 444 Cl.
1326 402 1369 443 &
1395 402 1465 444 Gr.
1491 403 1556 444 καὶ
1581 400 1645 445 οἷοι

380 454 485 495 οὔπω
506 473 550 496 or.
583 470 665 497 non
688 456 799 496 male.
819 458 966 496 WAss.
989 456 1028 497 Si
1052 457 1144 510 quid
1165 457 1392 497 mutandum
1414 456 1486 504 fit,
1513 458 1645 498 malim

380 507 467 550 o‘a'oe:
494 523 582 549 nam
605 507 666 549 οἶα
691 509 835 563 plurale
860 520 1040 550 neutrum
1054 511 1127 551 -hic
1147 511 1213 550 vix
1236 511 1361 565 potest
1379 511 1509 552 locum
1530 512 1647 552 habe-

380 577 437 604 re.
454 564 639 615 Thucyd.
662 565 720 610 V,
744 578 816 613 14,
840 561 892 614 Τῇῖ
914 563 948 604 ἐν
969 562 1019 614 τῇ
1039 563 1133 612 νήσῳ
1156 563 1347 616 ξυμφορᾷ,
1369 562 1430 604 οἵα
1449 564 1552 605 οὔπω
1576 580 1648 620 γε·

416 620 518 658 ένητο
538 617 587 668 τῇ
603 616 777 671 Σπάρτῃ.
797 615 1022 657 Scholiastes
1038 616 1134 658 Caff.
1159 631 1285 672 neque
1305 618 1368 660 hic
1380 647 1391 667 ,
1411 631 1537 672 neque
1554 631 1647 673 pau-

398 684 425 711 o
451 671 537 725 post
561 672 785 711 varietatem
811 669 1020 725 scripturae
1042 681 1214 712 annotat.

438 729 512 765 ead.
540 726 563 764 l.
589 739 649 764 10.
670 725 900 778 Ὀρεστειον)
921 725 1022 765 Vide
1046 723 1267 766 Salmasmm
1288 725 1335 766 ad
1359 724 1534 766 Solinum
1560 734 1650 779 pag:

387 791 461 830 ¹45
477 809 491 826 ,
518 779 764 820 Herodotum
779 808 793 825 ,
823 778 990 832 Euripid.
1010 777 1149 818 Eleffl.
1171 780 1229 826 V,
1259 793 1355 834 1273
1372 809 1385 826 ,
1404 779 1446 819 &
1464 779 1649 820 Tzetzem

384 833 484 873 Vlll
498 863 512 880 ,
541 847 630 882 247.
651 834 797 873 WAss.
822 831 1025 886 Ὀρέστειον
1061 832 1152 871 dicit
1177 833 1376 888 Euripides
1399 832 1526 874 Orest.
1549 833 1652 876 vers·

390 887 507 936 1647.
529 886 714 939 Ὀρέστιον
733 885 958 940 Stephanus.
980 884 1131 926 Salmas.
1152 885 1178 926 l.
1202 887 1237 926 d,
1265 900 1303 940 p.
1333 899 1407 940 109
1429 887 1486 927 ed.
1511 887 1619 927 Trai.
1667 894 1671 899 ‘

441 939 530 994 Pag.
557 954 642 994 307.
664 941 687 980 I.
717 955 778 994 13·
799 939 1092 993 Avo-orpboosov)
1113 939 1288 980 Thomas
1315 940 1420 993 Mag.
1448 940 1486 980 h.
1511 953 1550 980 ν.
1577 953 1651 980 ex-

387 995 501 1048 ponit
527 994 707 1035 ὃὺσκολον
730 994 813 1048 περ)
839 993 905 1034 τὴν
931 993 1086 1033 εἴσοέον.
1111 993 1211 1034 Add.
1233 994 1396 1034 eundem
1416 994 1457 1033 in
1480 989 1553 1034 εὖπ
1574 994 1654 1034 ὅσο-

389 1047 469 1088 ὃος.
496 1047 632 1088 Priore
660 1048 753 1088 loco
777 1047 1001 1102 interposita
1023 1047 1209 1102 particula
1232 1062 1275 1088 τε
1303 1047 1418 1102 legit,
1439 1047 1543 1101 ἑρυμν
1564 1063 1580 1089 ν
1605 1062 1652 1089 τε

389 1102 458 1141 και)
479 1101 751 1155 δυσπρόσοδον.

448 1157 537 1208 Pag.
567 1156 655 1207 308.
679 1157 701 1196 l.
726 1170 762 1205 4.
787 1157 906 1196 Κοωὼν
928 1153 1035 1204 κακῷ
1059 1153 1219 1208 ἰᾶσθαι)
1246 1154 1350 1195 Vide
1377 1153 1502 1195 Dion.
1527 1154 1653 1198 Halic-

391 1209 471 1256 xl,
490 1224 563 1258 14,
588 1224 625 1263 p.
646 1209 722 1263 698
742 1209 800 1250 ed.
819 1208 928 1261 Sylb.
950 1210 1087 1249 Huns.
1109 1208 1215 1249 Citat
1235 1207 1428 1249 Plutarch.
1447 1209 1488 1249 in
1511 1209 1654 1250 Moral.

390 1277 429 1317 p.
449 1278 551 1317 797,
573 1264 616 1303 &
636 1264 727 1317 legit
748 1263 949 1303 monceau.
973 1264 1121 1304 WASS.
1143 1262 1336 1303 Herodoti
1364 1262 1476 1303 locus
1501 1262 1555 1303 est
1573 1263 1654 1311 III,

397 1330 458 1371 53.
485 1316 632 1357 Versus
655 1316 857 1371 Sophoclis
880 1315 1029 1356 exstant
1059 1315 1161 1370 apud
1186 1315 1398 1357 Stobaeum
1428 1316 1552 1357 Serm.
1570 1317 1651 1359 IV:

391 1370 571 1411 Ἐνταῦθα
593 1370 719 1422 μέντοι
739 1371 875 1411 πάντα
897 1372 932 1410 τ’
959 1369 1154 1422 ἀνθρώπων
1176 1370 1298 1418 νοσεῖ,
1319 1368 1454 1410 Komoi}
1479 1369 1571 1411 ὅταν
1590 1371 1655 1412 δέ·

394 1436 509 1465 λωσιν
529 1426 664 1466 :diczent
691 1425 810 1464 κακά..
830 1423 932 1464 Idem
952 1424 992 1464 in
1009 1425 1119 1465 Aiac.
1144 1437 1183 1463 v.
1207 1424 1303 1478 362:
1328 1424 1384 1466 Mb
1409 1426 1524 1466 κακῶν
1551 1421 1656 1476 unc?

397 1478 529 1519 διδοὺς
539 1478 652 1519 ’Άκος
667 1509 680 1526 ,
698 1479 812 1519 πλέον
830 1480 874 1517 τὶ
893 1475 1009 1528 ’πῆμα
1029 1476 1094 1519 τῆς
1117 1477 1214 1518 ἄτης
1233 1477 1335 1517 τίθει.
1579 1510 1582 1512 ,

451 1537 526 1573 ead.
546 1534 570 1572 l.
598 1547 628 1583 5.
653 1532 872 1586 Ἐπωιτίου)
896 1531 1121 1572 Plutarchus
1144 1531 1167 1571 l.
1191 1531 1225 1571 d.
1245 1528 1450 1578 εὖπετοῧς,
1468 1532 1511 1572 &
1531 1531 1661 1578 βουλό-

395 1600 516 1639 μενον.
539 1587 634 1627 Non
652 1588 809 1627 videtur
828 1585 1081 1626 recedendum
1097 1599 1120 1625 a
1141 1584 1324 1639 scriptura
1344 1595 1510 1638 recepta.

455 1646 529 1682 ead.
554 1642 577 1680 l.
603 1641 639 1680 6.
662 1639 704 1680 ‘O
727 1640 773 1680 s&
792 1640 868 1680 εἴτε
891 1663 936 1670 -
957 1639 1115 1695 imni-ys)
1134 1639 1280 1680 Laudat
1298 1639 1432 1680 Suidas
1451 1639 1488 1678 in
1511 1639 1659 1686 ἐπιβέω-

397 1709 489 1747 μοι,
520 1694 536 1733 ὃ
559 1694 604 1735 ἑὲ
627 1697 703 1736 ein
730 1697 774 1735 *rb
805 1694 867 1734 ἐπ.
894 1694 963 1748 qui
988 1707 1038 1734 ex
1063 1693 1139 1733 hoc
1164 1693 1257 1733 loco
1283 1692 1550 1734 emendandus.
1573 1693 1658 1734 Εἴτε

401 1749 468 1788 καὶ
491 1747 562 1789 sa&
583 1750 625 1787 τὸ
646 1749 708 1789 ἐπ’.
727 1749 769 1789 &
788 1761 862 1802 pro
884 1748 903 1788 ἢ
923 1746 988 1787 καὶ
1008 1744 1114 1797 αὖτῷ
1133 1747 1206 1801 leg.
1228 1761 1305 1786 ειτε
1325 1747 1389 1787 καὶ
1410 1747 1488 1787 &c.
1501 1747 1555 1787 ibi
1576 1761 1658 1788 ma-

400 1802 439 1842 le
463 1803 629 1843 vertitur
651 1816 672 1842 a
698 1803 746 1844 cl.
770 1801 937 1843 Kustero
962 1802 1177 1842 acclamatio.
1204 1799 1392 1852 ἑπιβόημοι
1411 1803 1564 1854 σκληρὶν
1583 1800 1658 1842 effe

401 1866 589 1902 autumat(
602 1856 742 1897 Pollux
761 1857 846 1903 VI,
867 1855 955 1896 208.
975 1869 1049 1909 pro
1065 1869 1152 1909 quo
1170 1855 1358 1900 ἑπιβόησις
1378 1855 1477 1908 apud
1496 1854 1550 1894 D.
1577 1857 1659 1895 Ha-

398 1910 462 1951 lic.
484 1911 524 1950 in
546 1911 644 1950 Arte
656 1911 735 1951 VII
747 1940 761 1958 ,
784 1925 819 1951 2.
840 1910 896 1949 At
914 1909 1085 1950 verbalia
1103 1910 1142 1948 in
1161 1923 1201 1948 ιο·
1213 1922 1292 1949 non
1306 1907 1452 1962 semper
1466 1908 1659 1950 actionem

403 1964 603 2005 denotant.
621 1964 762 2005 Noster
780 1960 1068 2015 ἐπιβούλευμα,
1082 1963 1122 2003 &
1139 1976 1188 2002 ex
1205 1962 1272 2003 illo
1291 1961 1474 2016 Iosephus
1487 1976 1560 2017 pro
1579 1963 1660 2002 ἐση-

401 2018 605 2065 βοὺλευσις.
630 2018 691 2062 Sic
711 2017 933 2071 ’γύμνασμα
946 2047 957 2062 ,
984 2016 1178 2069 ἓεξίωμοι,
1193 2016 1412 2067 [auximum
1429 2017 1470 2056 δι
1492 2016 1659 2057 eiusmo-

406 2072 444 2112 di
458 2071 646 2113 sexcenta.
665 2074 814 2112 WASS.
829 2071 868 2111 Si
883 2071 1073 2122 ἑπιβὸημα
1093 2082 1170 2111 tam
1192 2071 1334 2110 durum
1349 2070 1552 2110 videbatur
1571 2070 1660 2110 Pol-

404 2125 507 2173 luci,
534 2139 617 2167 non
632 2126 794 2166 debebat
814 2124 891 2180 ipse
912 2139 963 2166 eo
981 2127 1038 2165 uti
1058 2125 1138 2173 IX,
1163 2138 1247 2178 123.
1269 2123 1358 2164 Post
1377 2123 1494 2176 δόξαν
1519 2125 1557 2164 in
1576 2124 1662 2164 Sui-

406 2180 456 2221 da
475 2179 664 2220 distinctio
677 2181 858 2234 ponitur,
877 2180 917 2219 &
931 2179 1104 2232 ἐξαίφνης
1125 2178 1372 2232 coniungitur
1389 2190 1479 2218 cum
1502 2176 1661 2232 sequen-

407 2234 529 2275 tibus:
549 2247 629 2274 non
651 2233 839 2282 deterius,
858 2247 973 2286 quam
997 2235 1038 2272 in
1060 2233 1142 2273 edd.
1164 2231 1349 2285 Thucyd.

463 2291 538 2328 ead.
565 2289 589 2328 l.
627 2302 686 2342 13.
710 2285 956 2341 BonOoUv-mf)
985 2286 1061 2327 Pro
1083 2284 1348 2333 βοηθῆσοντοις,
1375 2282 1405 2323 fi
1427 2284 1663 2326 scholiastae

406 2342 623 2388 credimus,
643 2342 697 2382 ait
715 2341 928 2396 Stephanus
950 2341 1123 2395 Append.
1142 2340 1191 2381 ad
1213 2339 1358 2391 Scripta
1374 2338 1420 2378 de
1440 2338 1603 2379 Dialect.
1621 2353 1660 2392 p.

412 2395 499 2450 138.
529 2394 657 2439 Potest
683 2396 786 2435 credi
809 2394 1049 2436 Scholiastae.
1075 2393 1322 2445 Thucydides
1348 2392 1459 2446 saepe
1485 2392 1673 2447 praesens

404 2463 482 2506 pro
495 2449 630 2493 futuro
650 2449 772 2507 ponit.
786 2449 863 2499 IV,
875 2462 952 2500 40,
969 2445 1177 2493 &vesevus
1196 2447 1239 2489 &
1260 2442 1512 2490 ἀποθνήσκειν.
1535 2446 1592 2495 V,
1607 2461 1659 2496 4,
