1728 3120
325 191 420 241 390
516 174 832 223 VARIAE
906 172 1387 221 LECTIONES

324 277 472 305 στῆσαν
496 263 602 318 διε.)
625 264 951 306 ἀντικαθέστησαν
975 266 1029 305 τᾶ,
1052 263 1160 305 ὅπλα
1176 296 1187 314 ,
1210 264 1441 319 τεταγμένοι
1468 263 1595 318 ὥσπερ

324 316 504 368 ἔμελλον,
522 317 682 360 ὁπλῖται
703 317 997 373 ἑπτακισχίλιοι
1019 318 1084 357 καὶ
1108 320 1334 359 πελτασταὶ
1354 319 1427 360 &c.
1445 319 1515 362 Ar.
1533 331 1595 359 re-

325 371 431 426 liqua
460 384 542 412 non
573 372 794 426 agnoscens.
822 374 960 413 HUDs.
1016 372 1040 411 l.
1079 370 1457 427 ιι.,ἑπτακιο·χίλιοι
1482 373 1593 427 διο.)

325 424 616 480 ἑπτακισχίλιοι
648 427 714 466 καὶ
737 427 964 467 πελτασταὶ
987 437 1114 466 cetera
1147 425 1280 466 desunt
1301 426 1399 467 Cass'.
1479 427 1504 466 l.
1531 441 1592 467 12.

327 478 480 533 ἱππῇς)
501 478 633 521 ἱππεῖς
655 479 701 520 C.
727 481 864 520 Huns.
887 480 957 521 Gr.
974 478 1076 520 Dan.
1131 481 1156 519 l.
1181 494 1240 529 14.
1263 481 1327 521 καὶ
1347 480 1377 520 οἱ
1395 479 1593 534 ξύμμοροι)

328 534 398 574 καὶ
422 533 452 573 οἱ
477 534 566 587 ξύμ.
589 534 660 575 Gr.
682 535 820 574 HUDS.
839 534 902 574 Est
922 535 961 574 in
988 532 1059 574 Gr.
1078 534 1143 574 καὶ
1170 533 1201 573 οἱ
1226 533 1429 588 ξύμμαχοι
1451 531 1594 574 αὐτοῖς.

382 588 476 642 Pag.
513 601 599 642 139.
623 589 646 628 l.
673 601 705 627 1.
731 585 935 642 Κωπαιῆς)
959 587 1144 628 Kromna}
1162 587 1233 628 Ar.
1258 587 1304 628 C.
1334 588 1375 629 &
1399 586 1497 628 infra
1523 594 1594 628 Θε-

328 641 467 681 σπιεῖς.
482 642 646 682 Κωπεεῖς
663 640 723 682 Cl.
744 642 883 682 HUDs.
902 641 1087 682 Κωπαιεῖς
1102 641 1142 681 &
1159 641 1339 682 Θεσπιεῖς
1356 642 1470 682 etiam
1487 641 1594 682 Dan.

327 694 500 746 Θεσπιξῖς
518 709 541 735 a
564 696 690 749 prima
708 708 828 736 manu
848 695 947 736 Cass.
968 694 1166 736 εοττεᾶὶοι·
1191 695 1325 736 deinde
1349 695 1492 737 fecerat
1522 701 1594 735 Θε-

327 749 473 789 σπιεῖς.·
492 748 670 790 Θεσπιεῖς
694 749 734 789 in
753 759 862 790 textu
875 779 886 797 ‚
912 747 1077 800 Θεσπιῖις
1098 750 1136 789 in
1157 750 1282 804 Marg.
1303 749 1373 791 Gr.
1394 748 1596 790 Κωπταεῒς

328 802 404 844 Ms.
426 801 511 844 Bas.
535 804 577 844 δι
599 801 720 856 paulo
738 802 823 856 post
841 803 1039 850 Θεσπιεῖς,
1062 802 1104 842 δι
1123 802 1265 844 ἱππεῖς.
1318 805 1341 842 l.
1371 818 1406 858 3.
1429 804 1496 843 καὶ
1516 804 1598 856 Ὀρ-

327 856 526 913 χομένιοι)
562 857 626 897 καὶ
658 856 689 896 οἱ
718 858 877 911 Ὀρχομ.
903 857 973 898 Gr.
997 858 1134 898 HUDS.
1201 861 1275 897 ead.
1297 857 1383 911 κέρᾳ,
1410 854 1598 910 ἑκατέρῳ)

329 912 420 964 κέρα
441 908 594 962 ἑκάστῳ
617 910 688 952 Gr.
708 911 836 951 IDEM.
890 913 966 951 ead.
989 909 1137 965 ἱππῆς)
1159 910 1292 952 ἱππεῖς
1314 911 1383 951 Ar.
1401 910 1448 951 C.
1466 911 1592 951 IDEM.

330 964 433 1005 caff.
455 965 559 1005 Dan.
625 966 651 1005 l.
673 979 711 1014 4.
730 963 776 1005 ἒὲ
798 978 879 1005 non
902 963 955 1005 est
975 966 1015 1004 in
1039 963 1142 1005 Dan.
1197 968 1271 1005 ead.
1294 964 1429 1005 εἴκοσιν
1453 964 1485 1004 οἱ
1520 971 1597 1005 Θη-

329 1019 430 1066 βαῖοι
446 1017 601 1067 >sama
624 1018 779 1065 Θηβαῖοι
805 1019 865 1059 Cl.
882 1019 953 1060 Gr.
978 1019 1118 1060 Huns.
1147 1018 1246 1058 Dan.
1313 1019 1337 1058 I.
1366 1019 1402 1058 6.
1430 1018 1494 1058 καὶ
1515 1031 1600 1058 om.

330 1072 404 1113 Ms.
427 1073 511 1114 Bas.
565 1073 590 1112 l.
612 1087 650 1123 7.
668 1072 845 1114 Ἀθηναῖοι
869 1071 936 1121 ἑὲ,
964 1072 997 1112 οἱ
1024 1072 1095 1124 μὲν
1122 1071 1312 1119 ὁπλῖται)
1334 1070 1507 1113 Ἀθηναῖοι
1529 1072 1600 1124 μὲν

329 1125 412 1167 οἵδε
439 1127 600 1169 ὁπλῖται
621 1128 751 1181 Marg.
774 1126 864 1167 Ald.
896 1126 1000 1166 Flor.
1027 1125 1112 1167 Bas.
1138 1126 1202 1167 Ste
1231 1126 1267 1166 h.
1295 1140 1329 1166 1.
1358 1127 1498 1167 Huns.
1524 1124 1600 1169 ΜΓ.

330 1180 415 1222 Bas.
438 1182 640 1234 vulgatum
661 1181 803 1222 servat.
856 1183 930 1221 ead.
953 1180 1049 1221 ὀκτὼ
1068 1179 1168 1221 deest
1231 1193 1290 1233 eg.
1351 1180 1374 1220 l.
1395 1193 1433 1232 9.
1456 1178 1581 1230 ἱππῐῖς

330 1234 466 1276 ἱππεῖς
488 1235 558 1275 Ar.
581 1234 628 1276 C.
650 1235 738 1275 Ald.
764 1234 866 1275 Flor.
888 1234 971 1276 Bas.
992 1234 1121 1289 Steph.
1151 1249 1184 1275 1.
1207 1235 1347 1274 HUDs.
1376 1233 1473 1286 Reg.
1498 1233 1556 1274 Ca
1590 1265 1600 1273 .

331 1289 403 1330 Gr.
459 1290 484 1330 l.
510 1303 570 1330 11.
595 1289 762 1344 ἐγένοντο
785 1289 819 1329 ἐν
840 1286 891 1340 τῇ
913 1287 1047 1343 πόλει)
1069 1287 1235 1343 ἐγένοντο
1257 1287 1306 1339 τῇ
1330 1287 1439 1328 πόλει
1460 1287 1530 1328 Ar.
1547 1287 1598 1328 C.

331 1342 444 1383 Cam.
466 1343 527 1384 Cl.
552 1342 623 1394 Gr.
651 1344 790 1384 Huns.
813 1342 911 1396 Reg.
931 1342 1031 1384 caff.
1051 1341 1154 1382 Dan.
1217 1346 1293 1382 ead.
1327 1340 1600 1395 ξυνεσέβαλον)

332 1398 577 1444 συνεσέβαλον
595 1396 693 1438 Caff.
709 1398 780 1439 Gr.
797 1396 1066 1443 Συνεισέβαλον
1086 1397 1183 1450 Reg.
1201 1396 1408 1443 Ξυνέβοιλον
1420 1394 1493 1435 Ms.
1517 1394 1602 1436 Bas.

331 1453 358 1492 l.
390 1465 450 1501 14.
470 1451 690 1506 τοπρῶτον)
716 1454 761 1491 το
783 1444 931 1518 πρῶτον
949 1449 1049 1492 Cass'.
1068 1450 1138 1492 Gr.
1162 1450 1265 1490 Dan.

346 1514 352 1520 ·
391 1507 484 1560 Pag.
512 1519 598 1556 140.
614 1506 639 1545 l.
672 1520 704 1545 1.
728 1508 765 1546 ἐς
786 1519 853 1547 την
876 1503 988 1557 τάξιν
1013 1503 1061 1546 345
1065 1518 1111 1551 n,
1133 1504 1198 1544 καὶ
1220 1502 1453 1557 μελλόντων)
1476 1502 1514 1544 ἐς
1532 1502 1602 1545 τὴν

332 1558 469 1613 τάξιν,
488 1560 552 1600 καὶ
574 1558 647 1601 Mn
666 1571 781 1611 μελλ.
801 1558 836 1611 ξ.
855 1558 926 1600 Ar.
946 1557 993 1599 C.
1013 1559 1069 1599 Ἐς
1087 1558 1200 1610 τάξιν
1221 1558 1287 1598 καὶ
1309 1555 1381 1598 Mn
1399 1568 1514 1608 μελλ.
1540 1556 1604 1597 Cl.

333 1613 407 1654 Gr.
430 1613 571 1654 HUDS.
590 1614 647 1654 Ἐς
675 1612 742 1653 τὴν
765 1612 876 1666 τάξιν
902 1613 966 1653 καὶ
998 1611 1069 1654 usn
1093 1627 1137 1663 μ.
1161 1612 1260 1666 Reg.
1288 1609 1388 1652 Cafl'.
1411 1609 1485 1651 Ms.
1517 1610 1604 1652 Bas.

334 1671 365 1706 T
367 1667 407 1708 ἣν
428 1681 510 1708 non
530 1667 634 1709 abest
654 1681 677 1708 a
700 1667 772 1709 Gr.
794 1668 860 1720 qui
885 1667 927 1708 δι
955 1668 1113 1707 συνιέναι
1136 1666 1262 1707 habet.
1333 1666 1358 1705 l.
1387 1679 1421 1719 3.
1443 1679 1606 1718 παρεκε-

334 1719 468 1763 λεύετό
492 1722 566 1777 τε)
595 1721 824 1776 παρεκέλευέ
844 1736 889 1761 τε
907 1720 978 1762 Gr.
1001 1724 1049 1760 Τε
1067 1720 1168 1760 deest
1187 1720 1234 1761 C.
1258 1720 1396 1761 HUDS.
1415 1719 1605 1759 Emenda-

335 1786 424 1816 tum
448 1775 502 1817 est
527 1777 568 1816 in
590 1775 662 1817 Gr.
687 1775 873 1830 adscripta
898 1774 1048 1828 syllaba
1073 1789 1128 1813 το.
1183 1775 1207 1814 l.
1229 1789 1265 1827 9.
1288 1773 1323 1814 ἐν
1343 1774 1423 1828 γὰρ
1449 1771 1498 1823 τῇ
1517 1771 1606 1811 τού-

335 1831 439 1882 των)
461 1829 495 1871 ἐν
518 1829 570 1881 τιῖ
583 1832 667 1883 γὰρ
686 1829 822 1869 τούτων
842 1829 912 1871 Gr.
967 1829 991 1868 l.
1016 1842 1074 1868 10.
1096 1824 1310 1881 ὑμετέρας)
1332 1824 1514 1879 ἧμετέροις
1531 1826 1605 1867 Ar.

335 1884 384 1924 C.
405 1885 491 1925 Bar.
513 1884 573 1926 Cl.
598 1883 669 1925 Gr.
695 1883 784 1924 Ald.
810 1883 914 1924 Flor.
932 1880 1015 1923 Bas.
1036 1883 1175 1923 Huns.
1201 1882 1299 1935 Reg.
1323 1878 1424 1921 caff.
1495 1879 1519 1919 I.
1543 1894 1607 1920 12.

334 1938 575 1993 ἐσβάλωσιν)
613 1936 845 1984 ἐσβάλλουσιν
877 1937 948 1978 Ar.
979 1935 1026 1976 C.
1060 1937 1200 1977 HUDS.
1235 1934 1474 1981 Ἐσβοιίωσιν,
1495 1933 1536 1974 δι
1564 1933 1606 1974 in

336 1994 512 2047 margine
534 2005 610 2034 rec.
629 2005 746 2033 manu
766 1991 924 2038 βέιλουσι
948 1989 1047 2044 Reg.
1100 1993 1174 2030 ead.
1192 2003 1238 2029 τε
1258 1987 1360 2030 deest
1374 1986 1445 2028 Ar.
1463 1989 1603 2028 Huns.

394 2047 486 2101 Pag.
512 2061 598 2097 141.
621 2048 643 2085 l.
677 2060 710 2099 5.
730 2042 795 2085 οὗκ
815 2044 897 2100 ἔτι)
920 2040 1040 2084 οὗκέτι
1064 2043 1162 2098 Reg.
1217 2044 1241 2083 l.
1262 2043 1299 2083 6.
1326 2041 1475 2095 σφίσιν)
1498 2042 1605 2092 σφίσι

338 2099 411 2142 Gr.
482 2105 555 2140 ead.
586 2101 659 2141 διὰ.
682 2099 864 2156 ταχέων)
894 2097 1122 2164 διαταχέων
1146 2097 1216 2137 Ar.
1236 2094 1366 2150 Steph.
1397 2109 1431 2135 1.
1460 2096 1603 2136 HUDS.

337 2153 440 2207 Caff.
494 2156 518 2194 l.
543 2168 581 2206 7.
600 2153 901 2207 παιωνισοιντος)
921 2166 1197 2192 παιανισοιντες
1220 2150 1291 2190 Ar.
1308 2149 1355 2190 C.
1378 2150 1606 2191 Παιωνίσαν-

340 2208 404 2248 τες
427 2208 538 2249 Cam.
565 2216 698 2249 Διατα
737 2208 798 2248 έων
819 2207 886 2246 καὶ
908 2203 1065 2246 ἐνταῦθα
1092 2203 1303 2258 Παγώνδου
1324 2202 1607 2244 παιωνίσαντας

338 2261 516 2314 ἐπῄεσαν.
532 2263 671 2303 HUDs.
690 2224 830 2302 &mifit
850 2258 1062 2300 Hudsonus
1079 2268 1215 2299 notam
1234 2257 1344 2302 libri,
1366 2254 1428 2296 sed
1449 2257 1606 2297 videtur

339 2314 416 2358 effe
429 2315 490 2356 Cl.
504 2316 779 2356 Παιωνίσαντες
792 2314 889 2367 Reg.
904 2312 1003 2353 Caff.
1021 2312 1094 2354 Gr.
1109 2311 1212 2352 Dan.
1231 2308 1514 2351 Παιωνίσαντος
1530 2310 1609 2352 Ms.

340 2369 427 2412 Bas.
451 2383 474 2411 a
493 2370 614 2424 prima
633 2382 774 2418 manu,
792 2366 1066 2407 παιανίσαντας
1083 2378 1136 2405 ex-
1151 2364 1338 2405 emendat.
1362 2362 1408 2402 In
1427 2363 1527 2405 Cass'.
1546 2378 1607 2405 re-

341 2437 433 2467 cens
457 2436 593 2464 manus
614 2422 729 2477 super
751 2438 769 2464 ε
790 2419 917 2476 posuit
939 2436 967 2460 o.
1033 2421 1058 2459 l.
1083 2418 1120 2459 8.
1145 2418 1177 2458 οἱ
1204 2419 1345 2459 omittit
1370 2416 1441 2458 Gr.
1513 2417 1538 2457 l.
1566 2432 1604 2471 9.

341 2469 470 2536 ἦλθεν)
494 2470 593 2523 ἦλθον
615 2476 687 2521 Ar.
717 2476 765 2520 C.
794 2476 934 2522 HUDS.
966 2473 1038 2518 Gr.
1069 2471 1143 2517 Ms-
1166 2471 1253 2515 Bas.
1317 2472 1344 2513 l.
1374 2483 1434 2514 ιο.
1458 2469 1575 2515 ἔπαθε

1702 278 1713 298 Αι-
1694 209 1710 262 „mn-¹<
1694 153 1708 201 κή-
