1728 3120
384 195 476 244 ςῳ
580 178 1450 228 ANNOTATIONES

376 267 471 308 vid.
495 266 666 308 Eustath.
687 266 734 311 ad
753 266 798 307 11.
829 266 928 317 1046
941 297 958 314 ,
977 265 1027 316 48
1041 296 1052 315 ,
1074 267 1132 307 ed.
1157 266 1241 309 Bas.
1264 269 1306 309 δι
1325 267 1477 309 Kuster.
1499 268 1546 309 ad
1567 269 1651 310 Sui·
1727 288 1728 291 =

380 322 469 362 dam
484 335 524 362 v.
539 319 726 373 ἅμιπποι.
742 321 887 361 WAss.
901 320 1000 360 Add.
1014 320 1240 376 interpretes
1258 321 1424 362 Pollucis
1441 323 1487 363 ad
1506 321 1545 372 Ι,
1563 337 1607 416 1?
1618 336 1653 364 1.

437 377 529 430 Pag.
551 389 641 430 297.
658 377 682 415 l.
710 390 742 415 1.
766 374 858 415 Τότε
878 373 1048 429 πρῶτον)
1070 375 1117 416 Τό
1128 405 1143 423 ,
1164 389 1210 416 τε
1232 375 1374 430 πρὸτον
1394 376 1488 431 legit
1512 377 1588 417 Hei
1601 390 1654 418 m.

438 433 514 470 ead.
545 431 570 469 l.
593 444 631 480 7.
658 428 844 482 Μεθυέρίῳ
852 428 1087 523 ὲΜεθύὲριον
1105 428 1172 471 τοῖς
1190 429 1555 524 Μεέοιλοπολέτιέος
1573 444 1651 472 vo-

384 493 449 524 cat
465 483 654 536 Polybius
674 483 749 533 IV,
772 496 833 522 11.
893 495 955 522 am
977 496 1027 523 ex
1051 497 1134 538 quo
1160 497 1237 524 con
1264 497 1276 523 1

384 537 455 585 lis,
476 539 514 577 in
529 538 664 578 vicum
681 537 953 590 degeneravit;
973 536 1075 577 unde
1098 538 1198 578 inter
1212 538 1349 588 Κώμιις
1365 551 1480 579 recen
1497 549 1536 579 et
1585 551 1655 578 au-

385 590 509 632 sanias
520 622 533 639 ‚
547 604 570 631 a
591 605 673 645 quo
688 593 803 631 etiam
823 591 993 631 nominis
1007 592 1106 632 ratio
1124 602 1286 645 petatur.
1301 593 1557 634 meminerunt
1572 593 1654 633 eius

387 646 503 685 etiam
531 645 722 685 Plutarch.
746 644 885 685 Cleon.
912 657 949 698 p.
972 644 1051 684 806
1066 676 1080 693 ‚
1099 644 1192 686 Plin.
1208 646 1250 696 Ι,
1273 660 1378 696 420,
1399 646 1591 701 Porphyr.
1607 647 1653 688 de

388 699 538 741 Abst'm.
563 699 620 749 II,
641 700 701 740 16.
717 700 865 739 WAss.
889 697 991 739 Vide
1012 699 1127 739 etiam
1147 699 1387 741 Holstenium
1411 702 1458 741 ad
1473 701 1654 756 Stephan.

397 758 408 772 ·
445 755 536 808 Pag.
557 753 648 807 298.
671 755 695 793 l.
717 767 754 802 4.
771 746 937 818 Ὄξθιον)
961 750 1210 808 Subintellige
1232 753 1318 795 mr
1332 783 1343 803 ‚
1365 755 1407 796 δι
1426 754 1655 810 respondent

388 807 492 855 τοῖς,
516 804 639 848 ἄλλην
661 818 865 861 χαλεπην.
887 806 982 846 nihil
1004 819 1100 860 ergo
1126 809 1363 849 mutandum.
1383 811 1534 850 WAss.
1558 809 1657 850 Scri-

389 872 530 915 ptura,
563 874 680 915 quam
706 860 860 902 Vallam
890 859 1060 901 secutum
1090 860 1165 902 effe
1198 873 1306 916 putat
1328 862 1569 918 Stephanus,
1591 863 1658 904 de-

390 915 494 956 fendi
521 914 644 970 poffet
672 928 723 956 ex
749 914 825 955 hoc
851 914 1054 955 Menandri
1077 915 1118 955 in
1145 916 1262 971 Ὀργιῖ
1286 917 1388 970 apud
1410 918 1656 959 Athenaeum

391 969 476 1016 VI,
505 983 579 1016 10,
605 969 733 1025 ’ὄρθριος
757 971 848 1022 πρὸς
878 968 944 1010 τὴν
971 965 1119 1011 σελήνην
1150 969 1298 1025 ἔτρεχε,
1321 969 1394 1011 Sed
1420 971 1524 1015 haud
1543 972 1657 1012 dubie

386 1023 543 1064 cedrum
568 1021 622 1063 est
646 1022 767 1078 ’o‘pOeom
794 1022 871 1063 Vel
893 1023 1023 1077 pueris
1042 1034 1178 1064 notum
1203 1023 1258 1065 est
1275 1024 1351 1066 hoc
1371 1025 1530 1066 Hefiodi
1544 1057 1556 1076 ,
1574 1041 1656 1078 μοι·

392 1079 474 1132 up&
490 1077 537 1118 δὲ
556 1077 623 1118 κα.)
639 1076 750 1131 ’ὄρθιος
771 1072 872 1127 οἶμος
895 1078 957 1116 ἐπ’
978 1071 1105 1118 αὖτῆν.

449 1135 525 1171 ead.
546 1133 569 1170 l.
596 1145 634 1184 9.
658 1130 863 1185 Σάμινθον)
885 1130 948 1171 De
964 1130 1043 1170 hoc
1068 1131 1215 1184 oppido
1232 1141 1361 1172 tacent
1381 1143 1556 1180 veteres,
1575 1132 1659 1194 opi·
1726 1129 1728 1132 ’

394 1198 495 1233 nor,
529 1184 707 1225 univerfi.
739 1185 873 1240 Itaque
899 1186 1210 1226 membranarum
1242 1185 1336 1227 fides
1363 1186 1537 1227 nonnihil
1565 1187 1659 1227 mihi

392 1238 562 1294 suspecta
584 1238 649 1280 est.
672 1241 820 1280 WAss.
1720 1277 1722 1280 ,

449 1295 543 1346 Pag.
567 1308 589 1333 2
620 1308 657 1348 9.
679 1293 705 1333 l.
730 1295 768 1334 6.
796 1289 929 1347 Εῗργον
952 1292 1035 1333 ἀπὶ
1060 1292 1129 1334 τὶἶς
1154 1293 1334 1356 crimem)
1353 1293 1446 1334 ’Am
1474 1293 1661 1335 omittunt

397 1347 486 1388 Mff.
510 1348 577 1388 No
609 1361 651 1388 er
673 1346 737 1395 ΙΙ,
758 1347 833 1400 85,
860 1347 931 1386 Καὶ
952 1347 1006 1398 μὴ
1029 1343 1095 1387 ὑπ’
1113 1348 1251 1403 ὀλίγων
1268 1362 1350 1390 vem
1373 1347 1571 1403 ε’ῲγεσδοιι
1591 1347 1661 1390 τῆς

395 1402 614 1443 θαλάσσης.
638 1401 730 1442 alibi
749 1401 934 1442 absolute.
958 1402 1105 1442 WAss.

454 1457 546 1510 Pag.
570 1469 658 1511 300.
679 1457 704 1496 l.
731 1470 765 1496 2.
797 1455 999 1509 Πρόξενος)
1020 1455 1277 1503 Ammonius,
1295 1470 1329 1495 π
1349 1453 1468 1508 ὂξενος
1486 1455 1632 1496 πόλεως
1645 1485 1661 1503 ,

399 1509 465 1550 καὶ
485 1509 615 1550 ἔθνους.
635 1509 734 1563 ξένος
753 1509 794 1551 θ’
812 1509 829 1549 ὃ
849 1507 903 1551 εἷς
921 1508 1008 1550 ἑνός.
1033 1510 1123 1550 Vid.
1140 1509 1200 1558 II,
1221 1509 1297 1556 28,
1378 1509 1538 1550 Aelium
1554 1510 1660 1550 Dio-

397 1563 555 1616 nyfium
575 1565 677 1619 apud
696 1563 868 1605 Eustath.
887 1565 929 1603 in
950 1563 1054 1605 Iliad.
1069 1564 1128 1619 γ’,
1148 1578 1186 1618 p.
1208 1576 1302 1618 405.
1324 1563 1402 1604 hoc
1418 1562 1526 1604 sensu
1544 1575 1661 1605 utun·
1726 1577 1728 1582 ·

396 1622 463 1658 t'ur
485 1618 621 1666 Plato,
638 1617 863 1659 Aristoteles
875 1650 889 1668 ‚
909 1618 984 1658 alii.
1003 1620 1149 1658 WAss.

454 1676 530 1713 ead.
548 1674 572 1713 l.
593 1687 627 1726 3.
649 1671 815 1727 Ὀα-ονοὺ)
828 1667 939 1712 Ὅσον
964 1669 1003 1710 οὗ
1026 1672 1096 1712 Ar.
1113 1671 1158 1712 C.
1171 1671 1253 1712 edd.
1276 1679 1374 1712 vett.
1395 1670 1496 1713 Caff.
1513 1671 1664 1714 Graev.

399 1725 443 1767 &
461 1726 546 1775 VI,
579 1740 628 1780 45
655 1727 727 1767 Ar.
748 1726 796 1767 C.
825 1726 908 1767 edd.
936 1726 1035 1780 Reg.
1062 1725 1163 1766 Cass'.
1183 1726 1300 1767 Bene.
1324 1727 1367 1768 &
1394 1725 1477 1767 ‘do-ov
1508 1721 1574 1766 οὖιι
1602 1728 1661 1774 V,

398 1781 455 1830 64
476 1780 548 1822 Ar.
573 1780 620 1821 C.
643 1780 746 1822 Flor.
763 1779 849 1828 VI,
865 1794 922 1874 37
944 1782 1015 1820 Ar.
1031 1780 1078 1820 C.
1099 1780 1182 1821 edd.
1202 1780 1300 1834 Reg.
1322 1779 1422 1820 Caff.
1443 1780 1592 1822 Graev.
1616 1781 1660 1821 δι

399 1835 507 1882 VII,
527 1836 550 1875 6
586 1865 598 1884 ‚
620 1834 742 1882 VIII,
765 1850 815 1888 92
841 1847 864 1875 e
889 1835 923 1875 d.

1266 484 1316 524 ‘ta
1339 484 1394 525 est
1414 485 1483 525 Me
1509 484 1572 525 alo
1630 508 1653 516 -

947 1835 1046 1888 Reg.
1064 1834 1136 1876 Gr.
1156 1833 1276 1883 VIII,
1296 1834 1360 1886 96.
1379 1833 1561 1887 Denique
1579 1833 1662 1875 ’ὅσον
1726 1839 1728 1842 ⁴

399 1887 442 1929 ⁰¹3
463 1889 541 1929 VII
566 1919 581 1936 ο
597 1889 646 1929 26
666 1889 763 1930 Caff.
785 1888 983 1930 Camerar.
1003 1888 1136 1928 suidas
1155 1888 1271 1929 etiam
1292 1887 1374 1928 ὅσον
1396 1885 1471 1927 οὖν..
1499 1888 1582 1928 ὅσον
1604 1887 1664 1928 οὔ·
1724 1911 1728 1938 .'

399 1958 464 1982 mo
483 1942 615 1983 Suidas
627 1973 642 1990 ,
661 1943 890 1996 Hesychius.
904 1942 1086 1984 Ufitatius
1100 1941 1224 1982 fateor
1241 1941 1475 1983 coniunctim
1495 1942 1662 1982 veniunt
1726 1950 1728 1954 ·

400 1996 474 2037 hae
493 1997 669 2038 voculae.
694 1999 737 2038 δι
758 1997 983 2038 Herodotus
1001 1996 1141 2037 ὅσονόν.
1161 1998 1307 2037 WAss.

466 2054 542 2091 ead.
562 2052 587 2092 l.
618 2063 678 2091 ιο.
702 2045 844 2098 Αὖτὸς,
874 2052 941 2091 καὶ
973 2046 1045 2104 οὗ)
1071 2047 1191 2090 Αὗτὸς
1241 2058 1463 2091 raetereunt
1480 2048 1598 2090 Valla
1619 2049 1661 2090 &

400 2102 589 2146 Aeacius.
608 2104 728 2152 Puto,
750 2105 912 2146 Portum
926 2106 1023 2145 bene
1035 2102 1198 2158 expressi
1229 2117 1251 2145 e
1262 2104 1377 2158 sblus.
1400 2104 1598 2144 Homerus
1614 2103 1662 2144 Il.

399 2156 446 2204 θ’,
465 2172 507 2199 v.
521 2172 572 2212 99
586 2174 594 2199 :
609 2162 638 2197 T
639 2158 797 2200 vsetsne
813 2156 930 2199 αὐτὸς
947 2173 1019 2210 περ
1034 2158 1096 2199 ἐὸν
1114 2157 1376 2213 προρᾴχοισιν
1391 2155 1543 2211 ἐμίχθη.
1567 2158 1661 2198 Hoc
1724 2167 1728 2212 j

401 2211 531 2253 Schol.
581 2225 666 2254 arv.
686 2213 727 2254 δι
749 2211 971 2254 Eustathius
993 2213 1031 2252 in
1061 2212 1105 2253 Il.
1125 2211 1168 2264 ς’,
1189 2225 1275 2267 pag.
1311 2225 1408 2266 1105
1421 2241 1436 2258 ,
1457 2221 1662 2265 exponunt
1721 2258 1728 2271 ε

398 2264 520 2316 μόνος.
573 2267 698 2307 ucian.
720 2265 825 2308 Dial.
850 2266 974 2308 Deor.
997 2279 1084 2322 pag.
1106 2280 1208 2319 203,
1233 2263 1342 2306 Αὖτο)
1361 2266 1443 2320 γὰρ
1464 2264 1583 2316 ἐσμέν.
1611 2265 1662 2305 Et
1726 2308 1728 2310 ,

399 2319 605 2361 Theocrit.
624 2321 665 2361 X
682 2320 794 2374 Idyll.
817 2333 888 2369 19,
905 2323 1049 2371 Τυφλος
1065 2319 1106 2361 δ’
1121 2316 1186 2361 οὐκ
1201 2316 1346 2360 advisa
1366 2316 1560 2367 Πλοῦτος,
1576 2318 1664 2359 Ἀλ-
1725 2335 1728 2358 1

399 2375 457 2413 λὰ
482 2374 548 2414 καὶ
572 2371 812 2428 ὧφρόντιστος
830 2371 949 2429 Ἔρως.
1722 2395 1728 2417 ;

453 2428 534 2468 ibid.
558 2430 669 2469 Μετὰ,
686 2428 758 2468 τῶν
780 2428 972 2484 πλειόνων)
991 2427 1138 2470 Graev.
1152 2426 1297 2469 omittit
1314 2424 1409 2475 τόν,
1432 2425 1474 2468 8(
1494 2425 1548 2468 fic
1570 2424 1663 2468 alibi
1724 2429 1728 2469 3

398 2480 657 2536 Thucydides.
675 2484 823 2525 WAss.
