1728 3120
355 211 454 276 ,138
649 210 1344 259 THUCYDIDIS

355 310 436 360 οὐκ
460 302 641 380 ἔθεωρουν
665 304 914 368 ἀλληλους,
942 302 1108 360 ἴτασσέ
1119 329 1165 360 τε
1183 330 1262 359 και
1285 309 1626 401 παρεσκευάζετο

355 385 417 443 ὡς
432 386 473 442 ἒς
485 385 650 455 μάχην.
665 409 725 437 τω
702 375 787 436 δε
803 382 1127 475 Imrmpoim'
1099 407 1176 436 οντι
1195 406 1289 457 περι
1307 408 1356 436 το
1335 379 1598 446 Δηλιον,
1570 410 1628 445 ως

357 461 481 533 αὐτῷ
506 441 746 526 ηγγέλθῆ
733 483 792 513 οτι
817 459 1031 513 Βοιωτοι’
1019 456 1286 533 επέρχονται,
1316 457 1485 532 πέμπει
1514 464 1554 520 ἐς
1579 486 1627 514 το

352 538 635 629 στράτευμα,
653 533 836 589 κελευων
848 538 888 594 ἐς
899 535 1017 600 τάξιν
1035 537 1382 590 καθίστασθαι
1402 542 1481 590 καὶ
1500 534 1624 598 αὐτος

353 616 402 666 οὐ
420 613 584 685 πολλῷ
601 610 762 707 ὕστερον
790 611 968 674 ὲπηλθε,
996 607 1260 666 καταλιπων
1285 615 1341 672 ὡς
1367 618 1624 687 τριακοσίους

355 686 526 747 ἱππέας
540 711 694 761 περιτο
671 685 935 750 Δηλιον,
909 713 1024 748 οτι-ως
1039 686 1246 752 φυλακές
1263 712 1308 742 τε
1328 713 1435 762 αμα
1454 689 1526 743 εἷεν
1537 727 1549 745 ,
1567 690 1624 743 εἴ-

353 790 395 818 τι
419 769 524 819 ἐπίοι
544 765 686 820 αὐτω,
714 787 792 816 και
815 768 896 823 τοῖς
920 765 1133 823 Βοιωτοῖς,
1146 788 1295 858 καιρον
1320 766 1623 830 φυλαξαντες,

311 858 315 862 ’
351 839 597 908 ἒπιγενοιντο
618 844 654 894 ἓν
676 865 723 905 τη
756 841 903 911 μάχῃ.
930 838 1098 894 Βοιωτοι
1127 833 1172 894 δε
1190 865 1292 932 προς
1318 866 1479 901 τουτους
1507 847 1623 895 ἀντι-

349 915 626 978 κατέστησαν
643 941 734 976 τους
753 913 1039 988 αμυνομένους·
1057 940 1138 970 και
1157 910 1298 978 ἒπειδη
1316 931 1470 977 nomm
1484 920 1623 977 αὐτοῖς

351 994 487 1059 εἶχεν,
509 992 850 1085 ὐπερεφανησαν
855 993 926 1046 τοῧ
951 993 1117 1058 λόφου,
1137 1017 1218 1046 και
1238 990 1364 1047 ἔθεντο
1383 1016 1447 1046 τα
1470 993 1621 1051 ὅπλα,

350 1067 606 1143 τεταγμένοι
637 1067 783 1139 ὥσπερ
825 1065 1035 1159 ἔμελλον,
1071 1071 1255 1123 &wyte-rou
1290 1070 1621 1136 ἑπτακισχίλιοι

347 1149 583 1220 μάλιστα,
611 1170 690 1199 και
718 1143 891 1215 ψιλοι
872 1169 975 1215 υπερ
1007 1151 1217 1235 μυρίους,
1223 1149 1359 1211 ἱππῇς
1381 1169 1428 1200 τε
1457 1154 1619 1211 χίλιοι,

346 1249 442 1278 και
449 1221 707 1276 πελτασται
732 1246 1016 1276 πεντακοσιοι.
1048 1231 1158 1286 εἶχον
1179 1214 1226 1275 δε
1249 1218 1371 1286 δεξιον
1395 1215 1471 1294 fleu
1493 1220 1619 1296 κέρας

346 1301 570 1363 Θήβαισι,
593 1324 671 1354 και
694 1325 728 1353 οι
719 1297 948 1374 ξόμμοροι
967 1301 1118 1358 αὐτοις
1132 1295 1256 1370 μέσοι
1276 1290 1343 1355 δε,
1361 1299 1621 1373 Ἀλιοιρτιοι,

343 1464 474 1506 fistens
485 1497 497 1516 ‚
514 1465 616 1506 unde
634 1464 734 1506 colle
750 1463 954 1506 interiefim
965 1496 979 1515 ,
997 1463 1108 1505 alteri
1130 1463 1274 1505 alteros
1295 1464 1517 1520 conspicere
1532 1476 1618 1505 non

342 1548 550 1592 poterant,
572 1537 694 1579 aciem
716 1536 919 1586 instruxit,
939 1535 983 1577 &
1007 1535 1054 1576 ad
1074 1535 1270 1591 proelium
1299 1535 1338 1577 se
1359 1535 1617 1591 praeparavit.

340 1607 601 1662 Hippocrates
623 1620 756 1649 autem
770 1637 783 1656 ,
809 1606 879 1660 qui
900 1605 1002 1660 apud
1020 1605 1185 1646 Delium
1208 1616 1318 1656 erat,
1339 1619 1430 1648 cum
1447 1607 1487 1647 ei
1510 1618 1612 1646 nun-

339 1677 483 1718 tiatum
504 1676 631 1719 fuiffet
644 1709 656 1727 ‚
669 1675 845 1718 Boeotos
866 1674 1051 1718 adversus
1061 1675 1316 1718 Athenienses
1343 1675 1502 1724 venire,
1527 1675 1619 1716 mit-'

340 1746 388 1788 tit
411 1747 460 1787 ad
482 1748 698 1788 exercitum
712 1778 724 1796 ,
747 1747 963 1800 imperans,
982 1756 1027 1787 ut
1047 1746 1089 1785 in
1109 1744 1202 1786 suos
1221 1746 1372 1799 quique
1398 1745 1553 1787 ordines
1576 1742 1618 1785 se

338 1816 568 1871 reciperent.
599 1829 671 1857 nec
691 1815 817 1856 multo
838 1815 926 1870 post
945 1814 1024 1870 ipse
1050 1814 1198 1864 adfuit,
1227 1813 1368 1857 reliffis
1392 1813 1515 1855 ferme
1536 1825 1615 1855 tre-

339 1888 463 1930 centis
486 1887 679 1942 equitibus
706 1888 812 1929 circa
840 1887 1002 1928 Delium
1015 1917 1027 1936 ‚
1047 1897 1133 1928 tum
1158 1885 1205 1926 ad
1222 1885 1303 1926 loci
1323 1883 1557 1934 custodiam,
1584 1883 1616 1926 fi

339 1971 421 2012 qua
436 1971 575 1999 manus
593 1957 717 2013 ipsum
733 1958 971 2017 adoriretur,
992 1968 1078 1998 tum
1099 1957 1217 1998 etiam
1236 1966 1302 2004 ut,
1317 1954 1522 1997 ocoefione
1541 1954 1618 1998 ob-.

338 2027 493 2070 servata
509 2059 522 2079 ,
550 2029 727 2070 Boeotos
750 2028 790 2069 in
818 2028 902 2084 ipso
931 2028 1086 2084 proelio
1114 2042 1138 2070 a
1161 2038 1275 2082 tergo
1299 2026 1612 2081 aggrederentur.

338 2096 485 2138 Boeoti
509 2110 609 2139 vero
642 2098 702 2139 his
727 2097 1018 2153 opposuerunt,
1044 2098 1115 2153 qui
1142 2098 1223 2139 vim
1251 2096 1425 2153 ipsorum
1448 2097 1612 2153 propul-

333 2166 477 2217 sarent.
496 2168 601 2210 Cum
627 2178 758 2210 autem
776 2182 914 2210 omnes
934 2168 1106 2224 ipsorum
1129 2182 1191 2210 res
1213 2167 1318 2210 reete
1341 2167 1551 2216 haberent,
1571 2167 1611 2210 in

338 2233 495 2276 summo
513 2235 614 2277 colle
636 2235 808 2277 hostibus
826 2246 1113 2291 apparuerunt,
1139 2235 1184 2276 &
1203 2249 1293 2278 cum
1308 2236 1426 2276 armis
1450 2234 1506 2275 ibi
1524 2234 1611 2276 sub-

338 2301 541 2350 stiterunt,
558 2303 655 2344 ,acie
678 2301 882 2352 instruaa,
908 2312 954 2342 ut
975 2301 1186 2356 pugnaturi
1207 2312 1339 2342 erant:
1365 2299 1509 2355 septem
1529 2300 1610 2342 fer-

337 2386 404 2414 me
425 2374 556 2428 gravis
580 2383 800 2414 armaturae
823 2371 966 2422 millia,
988 2372 1087 2413 levis
1111 2385 1211 2414 vero
1231 2371 1344 2426 supra
1362 2372 1494 2414 decem
1519 2371 1611 2413 mil-⁴

336 2441 415 2492 lia,
440 2443 588 2497 equites
615 2441 737 2492 mille,
768 2442 810 2484 &
838 2442 971 2497 peltati
1004 2442 1218 2496 quingenti.
1253 2441 1449 2482 Dextrum
1477 2451 1609 2482 autem

337 2524 464 2560 cornu
479 2511 662 2554 tenebant
676 2511 878 2562 Thebani,
889 2524 1109 2566 eorumque
1122 2509 1226 2554 socii.
1238 2510 1360 2552 Medii
1376 2522 1476 2555 vero
1497 2518 1608 2560 erant
