1728 3120
359 182 452 231 266
646 180 1340 239 THUCYDIDIS

360 270 594 336 ἀφεστῶσι
614 274 828 347 Κορινθίοις
842 269 1108 345 ξυνομνῦντες.
1130 274 1174 325 οὐ
1194 268 1287 340 ‘72⁶4’
1309 269 1420 324 εἶπον
1438 273 1576 332 αὐτοῖς
1595 276 1630 326 οἱ

357 355 633 429 Βοιωτάρχαι
651 353 711 408 τοι
730 358 780 409 ἐκ
796 355 866 418 τῆς
839 354 1310 458 ᾺΛακεδαᾲιονοςγόίτι
1329 354 1408 409 των
1422 378 1468 408 τε
1490 354 1627 419 Ἐφό-

355 462 429 513 ρων
445 437 727 502 Κλεόβουλος
745 461 823 490 και
837 435 1020 511 ’Ξενάρης
1036 461 1114 491 και
1132 444 1167 490 οἱ
1184 443 1309 500 φίλοι
1327 437 1626 511 παραινοῦσιν»

354 518 428 594 Αρ
431 526 557 587 γείων
578 544 736 594 πρωτον
753 543 831 574 και
850 521 1062 593 Κορινθίων
1081 517 1319 593 γενομένους
1337 520 1627 591 ξυμμάχους,

352 599 515 674 ὕστερον
545 624 665 672 μετα
691 626 769 654 των
792 602 1142 673 Λακεδαιμονίων
1167 602 1434 668 γίγνεσθαι·
1460 624 1629 674 οιοριενοι
1725 663 1728 668 .

352 678 423 746 ’την
440 680 623 746 βουλην,
646 706 730 736 καν
755 708 817 755 μη
846 685 1035 740 εἴπωσιν,
1054 687 1130 736 οὐκ
1152 683 1289 738 σίλλα
1305 678 1629 750 &nouato-&001⁹
1603 710 1628 748 η
1723 703 1728 747 5

353 765 389 816 ἃ
414 771 548 827 σφίσι
575 763 889 836 προδιαγνόντες
917 766 1199 839 παραινοῦσιν.
1226 789 1283 824 ως
1309 757 1354 818 δε
1379 763 1557 830 αντέστη
1581 791 1628 819 το
1723 757 1728 788 Ἴ·

353 868 581 920 πραγμα,
600 869 632 898 οι
652 868 728 916 μεν
748 846 939 919 Κορίνθιοι
955 871 1034 900 και
1056 853 1090 900 οἱ
1110 871 1200 900 απο
1221 840 1405 921 Θρακης
1422 846 1629 923 πρέσβεις

354 929 574 1000 ἄπρακτοι
595 926 797 989 απηλθον·
823 933 858 980 οἱ
883 920 930 980 δε
954 929 1252 1003 Βοιωταρχαι,
1276 925 1509 999 μέλλοντες
1523 931 1628 1004 πρί-

353 1032 482 1082 τερον,
503 1017 535 1062 εἰ
561 1010 705 1062 ταῦτα
724 1031 922 1066 επεισαν,
948 1034 1027 1063 και
1049 1035 1117 1074 την
1142 1012 1406 1082 ξυμμαχίαν
1423 1035 1627 1116 πειρασε-

1723 932 1728 964 i

1711 1371 1728 1416 v2

350 1093 473 1146 σθαι
492 1116 591 1188 προς
611 1093 824 1166 Ἀργείους
845 1115 985 1149 ποιειν,
1013 1117 1145 1147 ουκετι
1168 1091 1402 1160 ἐσηνεγκαν
1417 1118 1510 1169 περι
1530 1095 1628 1167 Ἀρ-

351 1179 478 1241 γείων
503 1176 543 1232 ἒς
570 1197 651 1233 τας
670 1171 863 1238 βουλας,
891 1166 1017 1228 οὐὸε’
1005 1199 1045 1235 ες
1062 1199 1107 1228 το
1124 1166 1287 1249 Αργος
1310 1201 1403 1236 τους
1422 1173 1628 1251 πρέσβεις

354 1281 424 1315 ους
443 1253 678 1320 ὑπέσχοντο
700 1279 912 1328 επεμπον,
932 1255 1126 1328 αριελεια
1140 1253 1188 1310 cle
1200 1282 1263 1317 τις
1282 1257 1359 1321 ἔνην
1374 1282 1452 1312 και
1431 1257 1627 1334 ‹lla-tpa-

266 1376 349 1414 k
351 1332 415 1400 En
441 1362 519 1390 των
538 1361 722 1391 παντων.

347 1506 446 1537 rent.
486 1495 627 1551 Neque
665 1494 768 1536 enim
802 1495 1072 1538 Boeotarchae
1111 1495 1201 1551 ipfis
1229 1495 1521 1538 declaraveram
1553 1510 1598 1539 ea
1611 1528 1625 1548 ,

347 1577 451 1619 quae
476 1564 767 1606 Lacedaemone
789 1563 1004 1605 Cleobulus
1027 1564 1069 1605 δι
1094 1564 1269 1605 Xenares
1293 1563 1462 1618 Ephori,
1487 1565 1530 1606 δι
1556 1565 1624 1606 alii

348 1637 464 1678 amici
484 1635 703 1684 suaserant,
728 1646 772 1676 ut
796 1635 902 1690 prius
930 1648 1020 1676 cum
1049 1633 1212 1690 Argivis
1242 1635 1286 1676 &
1317 1634 1530 1676 Corinthiis
1559 1634 1624 1677 so-

347 1708 526 1749 cietatem
550 1707 690 1747 inirent
705 1735 716 1755 ,
736 1705 871 1747 deinde
894 1719 984 1746 cum
1007 1705 1320 1747 Lacedaemoniis
1340 1704 1500 1746 &andem
1523 1703 1627 1746 face·

346 1789 443 1819 rent.
487 1778 591 1818 Nam
616 1776 886 1818 Boeotarchae
913 1774 1202 1825 existimabant,
1227 1774 1338 1824 illos,
1360 1775 1427 1829 qui
1451 1785 1560 1815 erant
1582 1774 1624 1815 in

346 1847 533 1896 confilio‚
565 1846 744 1901 quamvis
787 1845 880 1886 haec
911 1844 998 1899 ipfis
1026 1858 1108 1886 non
1139 1843 1338 1894 dixiffent,
1367 1854 1498 1885 tamen
1527 1843 1624 1884 nihil

345 1917 447 1957 aliud
474 1917 723 1965 decreturos,
755 1904 876 1970 quam
903 1914 1010 1969 quod
1036 1913 1105 1969 ipfi
1127 1927 1150 1955 a
1172 1913 1211 1960 se
1237 1914 1343 1969 prius
1364 1912 1622 1955 ‘deliberatum

346 1987 437 2042 ipfis
458 1987 661 2028 suafiss'ent.
690 1986 753 2027 sed
782 1999 874 2027 cum
898 1999 960 2027 res
981 1983 1070 2040 ipfis
1097 1997 1178 2026 non
1207 1983 1449 2033 sueceffiffet‚
1475 1983 1622 2025 Corin-

345 2059 419 2099 thii
451 2058 606 2113 quidem
619 2090 630 2108 ‚
660 2058 702 2099 &
738 2056 854 2111 legati
882 2069 931 2097 ex
960 2056 1128 2098 Thracia
1153 2054 1250 2097 miffi
1279 2054 1427 2096 infecto
1458 2050 1620 2108 negotio

345 2129 535 2170 abierunt.
554 2127 822 2183 Boeotarchae
840 2139 941 2168 vero
952 2158 964 2177 ,
983 2126 1077 2181 qui,
1093 2125 1122 2166 fi
1145 2125 1371 2181 persuadere
1391 2123 1621 2179 potuissent,

346 2211 508 2254 operam
530 2197 621 2238 dare
645 2197 879 2246 statuerant,
902 2207 947 2238 ut
967 2196 1082 2237 etiam
1104 2209 1196 2237 cum
1215 2194 1374 2248 Argivis
1396 2192 1619 2234 societatem

344 2270 511 2318 inirent,
535 2281 606 2309 nec
627 2268 674 2309 de
698 2266 858 2321 Argivis
883 2265 1096 2320 quidquam
1116 2264 1279 2320 amplius
1304 2263 1352 2304 ad
1374 2263 1438 2304 illa
1458 2262 1620 2304 consilia

345 2336 560 2378 retulerunt
571 2365 583 2384 ‚
599 2348 670 2376 nec
682 2334 830 2388 legatos
843 2365 856 2384 ‚
871 2347 973 2388 quos
995 2332 1031 2374 se
1053 2332 1234 2375 miss'uros
1247 2331 1499 2387 promiserant
1514 2362 1526 2381 ,
1539 2331 1617 2372 Ar-

344 2420 416 2461 gos
445 2406 649 2448 miserunt:
684 2405 747 2446 sed
777 2406 924 2447 incuria
955 2404 1174 2460 quaedam,
1206 2404 1248 2446 δι
1278 2416 1408 2445 rerum
1438 2402 1617 2444 omnium

344 2476 632 2533 procrastinatio
652 2486 746 2518 erat.
