1728 3120
344 212 405 246 22
634 189 1324 244 THUCYDIDIS

343 287 511 381 τεῶρους
531 284 602 350 ἤδη
626 313 705 341 των
735 310 825 342 νεων
852 312 928 343 και
955 288 1229 363 ἀντιπρωρους
1247 286 1552 362 προπεσόντες
1570 290 1619 351 ἐς

346 358 495 431 φυγην
507 362 801 426 κατέστησαν,
819 389 899 418 και
878 364 1263 424 ἐπιδιώκοντες,
1236 390 1291 424 ως
1310 364 1380 418 δια
1397 365 1610 463 βραχέος,

344 438 528 515 ἔτρωσαν
552 463 628 511 μεν
652 439 856 501 πολλας,
880 439 1000 494 πέντε
1021 442 1063 493 δ’
1082 440 1268 503 ἔλαβον,
1296 466 1374 494 και
1394 449 1499 514 μίαν
1517 467 1614 495 του-

346 542 424 571 των
451 521 590 576 αὐτοῖς
615 518 801 590 ἀνδράσι·
827 523 924 577 ταῖς
949 509 994 570 δε
1011 522 1189 576 λοιπαις
1205 521 1241 571 ἐν
1259 522 1309 583 τῖι
1327 541 1388 584 ‘yn
1407 539 1616 572 καταπε-

345 599 582 660 φευγυίαις
602 592 848 657 ἐνέβαλλον.
870 618 917 647 αι
909 589 1002 649 δε,
1019 617 1097 646 και
1113 592 1399 667 πληρούμεναι
1419 592 1478 648 ’ἔτι
1490 633 1502 650 ,
1521 619 1616 669 πριν

345 671 666 737 ἀναγεσθαι,’
656 672 886 724 endu-rouro.
903 676 989 724 καί
1001 694 1116 730 τινας
1134 693 1212 723 και
1191 668 1519 743 ἀναδουμενοι,
1540 693 1614 724 κε-

345 771 421 805 νας
441 745 598 803 εἷλκον,
625 772 702 800 των
724 747 906 844 ἀνδρων’
896 769 935 806 ες
954 741 1102 813 φυγην
1122 744 1381 820 ὡρμημένων.
1403 748 1437 798 οὶ
1453 747 1619 841 ὁρωντες

346 848 382 876 οι
373 824 731 894 Λακεδαιμονιοι
742 862 754 880 ,
773 847 850 876 και
866 822 1199 897 περιαλγοῧντες
1214 848 1274 896 τῳ
1251 822 1484 878 παθει,
1459 847 1520 876 οτι
1534 846 1617 893 περ

348 899 486 953 αὐτων
505 907 539 952 οἱ
560 899 695 973 οίνδρες
720 900 1123 991 ἆπελαμβανοντο
1112 923 1149 953 εν
1170 903 1221 964 τῇ
1242 922 1375 969 vno-cp,
1396 899 1618 972 παρεβοη-

346 978 446 1028 θουν
463 999 540 1028 και
518 975 898 1037 ἐπεσβαίνοντες
888 998 928 1034 ες
938 995 1006 1038 την
1018 975 1280 1029 θαλασσαν
1294 974 1366 1038 {guv-
1374 979 1456 1035 τοῖς
1469 975 1621 1036 ὅπλοις

347 1055 560 1106 ἀνθεῖλκον
571 1091 582 1109 ,
600 1052 1037 1143 αντιλαμβανομενοι
1038 1076 1116 1105 των
1133 1075 1236 1105 νεων.
1251 1074 1328 1104 και
1342 1053 1379 1104 ἒν
1394 1075 1527 1124 τουτῳ
1543 1075 1618 1105 κε-

347 1126 595 1182 κωλυσθαι
623 1124 796 1181 ὲδοκει
778 1151 978 1187 εκαστος,
1008 1134 1042 1201 ῲ
1065 1152 1128 1199 μη
1154 1152 1226 1181 τινι
1252 1151 1330 1181 και
1356 1124 1531 1188 αὐτος
1506 1151 1623 1203 εργῳ

350 1228 500 1278 παρην.
529 1201 696 1270 ἐγένετο
716 1227 761 1257 τε
788 1209 806 1256 ὁ
835 1206 1041 1301 θορυβος
1050 1201 1223 1276 μέγας,
1250 1227 1328 1257 και
1355 1209 1618 1270 ἀντηλλαγ-

349 1279 470 1354 μὲνος
486 1282 557 1335 τοῧ
575 1278 776 1356 ἑκατέρων
790 1305 939 1355 τροπου
951 1304 1044 1354 περι
1063 1305 1144 1340 τας
1163 1303 1275 1340 ναυς.
1294 1306 1329 1334 οι
1342 1302 1387 1334 τε
1404 1304 1496 1351 γαρ
1510 1284 1619 1336 Λα-

346 1430 478 1484 plures
492 1429 662 1484 ipsorum
677 1443 799 1471 naves
819 1444 844 1470 a
859 1440 962 1471 terra
982 1431 1057 1470 iam
1076 1440 1268 1479 remotas,
1288 1428 1330 1470 &
1343 1424 1514 1470 adverfis
1533 1442 1627 1484 pro-

348 1502 399 1541 ris
414 1506 638 1552 venientes,
652 1503 691 1542 in
710 1501 842 1556 fugam
866 1513 1093 1552 verterunt;
1111 1502 1152 1543 δι
1169 1501 1352 1552 insecuti,
1373 1502 1481 1557 quod
1502 1502 1626 1544 breve

347 1573 514 1629 spatium
539 1575 638 1615 inter
664 1588 733 1615 eos
756 1573 872 1624 effer,
895 1574 1037 1615 multas
1068 1574 1225 1628 quidem
1251 1573 1475 1629 fregerunt,
1509 1576 1625 1630 quin-

348 1659 427 1700 que
459 1659 559 1687 vero
588 1658 797 1702 ceperunt,
821 1647 862 1688 δι
889 1647 1025 1688 harum
1054 1660 1175 1690 unam
1202 1661 1293 1689 cum
1327 1648 1416 1704 ipfis
1435 1648 1552 1690 viris:
1580 1648 1622 1688 in

349 1725 497 1755 ceteras
517 1729 639 1765 vero,
664 1729 766 1770 quae
791 1716 839 1757 ad
868 1727 1009 1758 terram
1033 1716 1313 1771 confugerant,
1337 1716 1622 1772 impressionem

349 1781 535 1824 fecerunt.
564 1785 664 1826 aliae
681 1799 805 1836 vero,
826 1786 918 1826 dum
940 1786 1065 1827 adhuc
1086 1786 1388 1837 instruerentur,
1415 1798 1623 1842 antequam

350 1852 391 1893 in
415 1853 535 1894 altum
568 1855 879 1909 proveherentur
892 1888 905 1905 ‚
936 1856 986 1896 ab
1016 1855 1314 1898 Athenienfibus
1341 1856 1621 1899 lacerabantur.

348 1923 569 1964 Nonnullas
590 1925 728 1975 etiam,
751 1938 801 1966 ex
819 1926 965 1980 quibus
983 1925 1160 1967 homines
1183 1925 1437 1980 aufugerant,
1458 1925 1532 1967 suis
1555 1939 1625 1967 na-

350 1993 468 2036 vibus
486 1995 688 2049 alligarunt
701 2028 713 2046 ,
737 1997 780 2037 &
799 2011 946 2039 vacuas
966 2007 1179 2038 traxerunt.
1208 1997 1329 2051 Quae
1345 1995 1625 2052 conspicientes

335 2060 644 2107 'Lacedaemonii
657 2098 668 2116 ‚
697 2067 738 2108 δι
759 2066 905 2109 cladem
931 2066 1039 2108 istam
1064 2067 1276 2122 aegerrime
1303 2066 1494 2117 ferentes,
1515 2066 1625 2121 quod

350 2133 523 2188 ipsorum
537 2134 643 2175 cives
657 2134 705 2176 ab
720 2134 891 2176 hostibus
902 2135 942 2175 in
955 2134 1077 2176 insula
1090 2136 1407 2190 interciperentur
1417 2165 1430 2184 ,
1441 2135 1488 2174 ad
1503 2147 1623 2189 opem

350 2203 426 2244 illis
455 2203 649 2245 ferendam
674 2205 894 2246 veniebant.
923 2206 965 2246 δι
992 2207 1128 2246 armati
1156 2207 1196 2246 in
1216 2219 1322 2247 mare
1343 2204 1622 2259 ingredientes,

350 2271 438 2314 suas
452 2286 572 2314 naves
591 2273 768 2314 manibus
789 2275 1147 2329 apprehendebant,
1172 2276 1215 2317 &
1237 2275 1284 2315 ad
1302 2274 1341 2316 se
1360 2274 1624 2317 retrahebant.

352 2343 402 2384 Et
416 2343 455 2383 in
469 2357 519 2384 eo
533 2343 795 2399 unusquisque
816 2345 1054 2387 existimabat
1078 2359 1140 2387 res
1163 2346 1362 2401 impeditas
1382 2343 1512 2396 fuiffe‚
1540 2347 1624 2401 qui-

352 2414 427 2455 bus
447 2416 620 2468 gerendis
633 2416 766 2470 &ipse
779 2431 860 2458 non
873 2418 1114 2460 interfuisset.
1138 2418 1330 2473 &ingens
1350 2417 1543 2458 tumultus
1556 2419 1621 2467 ,δι

353 2484 403 2526 ab
426 2496 683 2540 utrorumque
701 2487 877 2529 moribus
899 2487 1072 2530 diversus
1092 2488 1196 2530 circa
1213 2499 1334 2531 naves
1347 2485 1498 2529 exstitit.
1521 2486 1623 2527 Nam
