1728 3120
363 207 454 270 ms
650 175 1367 251 THUCYDIDIS

359 292 452 352 ουδε
475 295 597 351 ὃέοιτο
616 301 834 369 πολεμεῖν
863 322 940 351 και
965 301 1019 357 ὡς
1042 302 1252 354 ἀντεῖπεν,
1274 296 1629 363 ἐπισπασθέντος

359 399 406 429 τε
423 380 476 440 τῇ
503 398 610 467 χειρι
629 376 702 426 ὑπ
723 374 870 431 αὐτοῦ,
890 398 966 426 και
991 372 1345 447 Θορυβηθέντος,
1328 399 1348 426 ο
1370 376 1499 449 δημος
1515 376 1630 439 ευθυς

359 445 605 513 ἀναλαβων
623 473 684 502 τα
702 449 851 506 οπλα,
861 474 966 543 περι
995 450 1117 523 ὀργης
1148 451 1294 524 ὲχωρει
1321 453 1398 504 ἐπί
1413 476 1459 505 τε
1474 454 1630 507 Πελο-

360 536 615 589 ποννησίους,
633 549 711 578 και
727 551 818 584 τους
836 551 895 579 τοι
914 530 1077 580 ἐναντία
1100 534 1233 591 σφισι
1249 529 1343 596 μετ’
1360 528 1496 580 αὐτων
1513 552 1630 618 πρα-

360 607 530 668 ξαντας.
558 625 636 655 και
661 603 988 675 προπεσόντες,
1019 600 1232 677 τρέπουσιν
1260 627 1367 674 αμα
1393 597 1469 674 μὶν
1496 606 1630 675 'mclxv

359 682 582 751 αἰφνιδίου,
614 676 721 748 ἅμα
748 671 795 729 δε
821 682 903 737 τοῖς
934 679 1156 740 Ἀθηναίοις
1182 703 1263 732 των
1287 694 1436 733 πυλων
1463 687 1633 747 ἀνοιγο-

359 754 490 830 μένων
508 750 784 819 φοβηθεντων.
812 745 1000 826 ᾡηθησαν
1019 777 1112 823 ’γαρ
1133 752 1224 808 απο
1240 754 1516 847 προειρημένου
1531 780 1634 817 τινος

365 836 505 891 αὐτοις
523 855 592 892 την
609 833 860 927 ἐπιχείρησιν
879 828 1110 896 γενεσθαι.
1125 855 1203 884 και
1219 837 1254 884 οἱ
1271 854 1348 902 μνεν
1367 835 1407 891 ἐς
1420 855 1490 895 την
1506 835 1635 925 ἀκρο-

360 921 512 964 πολιν,
530 911 616 959 ὅσοι
632 930 694 977 μη
715 910 878 958 αὐτίκα
896 907 1200 995 διεφθάρησαν,
1219 905 1491 974 κατέφυγον,
1510 907 1634 978 ηνπερ

361 1008 440 1064 και
459 1009 503 1037 το
528 1005 711 1057 προτερον
737 981 855 1034 αὐτοι
886 1005 903 1034 ε
907 991 1010 1046 ἱχον.
1038 1007 1071 1035 οι
1098 977 1144 1035 δε
1171 983 1372 1046 Αθηναιοι
1402 981 1434 1054 <
1446 982 1517 1046 ηὸη
1537 1007 1634 1054 γαρ

362 1060 440 1113 και
464 1086 482 1112 ο
504 1062 669 1117 Νικίας
695 1057 1032 1132 επαναστρεψοος
1055 1083 1156 1132 προς
1173 1063 1223 1124 τ’ἶι
1246 1061 1374 1112 πολει
1396 1055 1513 1130 nv)
1503 1084 1590 1114 εσπ
1591 1085 1635 1114 ε-

364 1160 499 1196 σοντες
526 1158 566 1195 ες
589 1159 659 1197 την
676 1133 841 1196 Μενὸην
871 1135 1019 1191 πολιν,
1045 1133 1124 1222 αΝτε
1147 1140 1225 1188 οὐκ
1249 1133 1342 1230 ἀπο
1367 1137 1635 1209 ξυμβάσεως

362 1216 627 1277 οονοιχθεισαν
638 1250 650 1268 ,
669 1211 826 1291 αποὶσῃ
843 1235 890 1275 τη
912 1234 1117 1285 στρατια,
1136 1214 1191 1271 ὡς
1209 1235 1334 1265 κατα
1351 1234 1500 1304 κρατος
1520 1214 1634 1267 ἑλόν-

361 1312 430 1348 τες
444 1287 698 1379 ὃιηρπασαν.
726 1310 804 1340 και
825 1288 956 1357 μόλις
975 1312 1009 1340 οι
1030 1312 1261 1362 στρατηγοι
1288 1286 1504 1353 κατέσχον
1523 1289 1634 1343 ἱοστε

362 1360 423 1438 μή
453 1389 531 1419 και
559 1388 654 1425 τους
681 1363 916 1439 ανθρωπους
944 1364 1309 1440 διαφθείρεσθαι.
1335 1389 1413 1419 και
1442 1391 1534 1426 τους
1557 1389 1634 1438 μεν

361 1535 465 1578 que,
486 1522 647 1563 fimulac
667 1520 734 1577 ipfi
760 1521 1066 1571 contradixiffet,
1089 1522 1138 1563 ab
1166 1523 1251 1579 ipso
1282 1536 1400 1565 manu
1418 1522 1634 1579 pertraQus

362 1608 408 1636 ac
437 1594 682 1650 perturbatus
723 1592 849 1635 fuiss'et
864 1624 878 1642 ‚
924 1593 1095 1648 populus
1127 1593 1184 1634 ira
1220 1594 1398 1649 protinus
1433 1592 1610 1634 incensus
1625 1623 1639 1643 ‚

361 1666 496 1707 sumtis
527 1666 642 1706 armis
674 1663 795 1704 tendit
822 1677 912 1704 cum
941 1664 981 1703 in
1009 1663 1335 1718 Peloponnesios,
1363 1675 1450 1705 tum
1475 1665 1517 1704 in
1541 1677 1638 1715 eos,

362 1737 432 1791 qui
457 1749 548 1777 cum
578 1734 667 1789 ipfis
691 1744 829 1774 contra
848 1733 887 1774 se
911 1745 1080 1788 egerant.
1103 1734 1337 1790 Impetuque
1358 1735 1398 1774 in
1421 1747 1491 1775 eos
1510 1734 1638 1786 fabio,

361 1806 402 1846 in
424 1804 558 1858 fugam
583 1804 724 1852 vertit,
751 1813 837 1844 tum
863 1803 917 1843 ob
944 1804 1193 1859 repentinum
1223 1815 1440 1853 certamen,
1467 1815 1553 1844 tum
1580 1804 1637 1845 ob

361 1887 512 1916 merum
533 1873 826 1916 Atheniensium
837 1905 850 1924 ,
865 1875 1006 1928 quibus
1023 1886 1161 1930 portae
1181 1874 1335 1916 fuerant
1350 1885 1517 1928 apertae.
1543 1875 1636 1915 Exi-

361 1943 569 1984 stimabant
580 1943 683 1983 enim
698 1941 967 1997 Peloponnesii
977 1975 989 1992 ,
1002 1956 1055 1983 ex
1074 1943 1208 1998 aliquo
1222 1941 1430 1997 compa&0
1447 1942 1546 1983 hanc
1564 1943 1640 1982 im-

360 2012 594 2068 preffionem
623 2011 674 2051 ab
701 2011 774 2051 illis
802 2012 843 2051 in
868 2009 907 2051 se
934 2009 1074 2051 saetam
1097 2010 1185 2052 effe.
1217 2010 1353 2065 Atque
1376 2009 1431 2050 illi
1454 2009 1636 2064 quidem,

356 2093 564 2138 quotquot
583 2081 709 2122 statim
730 2081 829 2123 caefi
850 2095 933 2122 non
949 2080 1130 2131 fuerunt,
1145 2082 1184 2121 in
1204 2095 1332 2122 arcem
1353 2079 1637 2134 confugerunt,

362 2164 483 2206 quam
497 2149 566 2205 ipsi
583 2150 650 2192 vel
669 2144 784 2191 antea
800 2150 994 2191 tenebant.
1021 2149 1276 2191 Athenienses
1289 2163 1390 2193 vero
1409 2150 1513 2205 (iam
1530 2151 1635 2191 enim
1700 2177 1706 2185 x

365 2223 562 2264 &Nicias
585 2222 767 2264 reversus
798 2223 848 2262 ad
874 2223 1013 2263 urbem
1041 2221 1155 2276 erat)
1182 2235 1273 2263 cum
1306 2221 1488 2264 omnibus
1511 2222 1643 2277 copiis.

362 2290 555 2331 irruentes
574 2289 614 2328 in
633 2289 772 2330 urbem
795 2289 966 2329 Menden
979 2320 991 2338 ‚
1016 2289 1159 2343 quippe
1176 2302 1277 2343 quae
1290 2302 1371 2330 non
1389 2302 1440 2330 ex
1461 2301 1640 2331 conven-

362 2369 409 2400 tu
428 2368 560 2414 aperta
585 2356 708 2398 fuiffet
721 2389 734 2408 ‚
758 2371 845 2399 eam
866 2368 911 2399 ut
935 2369 1207 2412 expugnatam¹
1221 2358 1477 2413 diripuerunt.
1497 2357 1547 2397 Et
1564 2357 1635 2397 du·

365 2440 432 2469 ces
458 2428 528 2469 vix
561 2426 744 2468 cohibere
779 2437 995 2482 potuerunt
1025 2425 1117 2466 suos
1144 2427 1307 2478 milites,
1327 2428 1435 2482 -quin
1459 2426 1636 2468 homines

363 2498 481 2540 etiam
507 2498 753 2540 trucidarent.
790 2497 926 2545 Postea
949 2496 1134 2540 iusserunt
1157 2498 1374 2540 Mendaeos
1393 2497 1531 2539 eodem
1560 2496 1639 2538 rei·
1712 2507 1728 2559 ζ
