1728 3120
333 200 426 251 186
620 199 1313 248 THUCYDIDIS

326 317 416 352 ναι,
429 288 727 355 καταστάντες
744 298 783 356 ἒς
796 295 998 358 αἰφνίδιον
1014 287 1184 361 φυγην,
1203 294 1376 370 ἒχωρουν
1390 298 1459 350 ἐπ’
1473 323 1603 354 οικου.

326 370 406 424 και
417 394 484 425 τον
493 373 738 445 Περδίκκαν
754 397 957 465 τοπρωτον
974 376 1049 424 οὐκ,
1063 372 1429 443 αἰσθανόμενον,
1402 398 1458 433 ως
1471 397 1599 440 εγνω,
1656 419 1672 428 .

325 449 612 514 ἦναγκασαν,
628 472 720 522 πριν
735 473 799 501 τον
815 449 1028 522 Βρασίδαν
1043 450 1133 501 ἰδεῖν
1151 445 1350 521 (ἄπωθεν
1365 473 1459 519 γαρ
1477 448 1599 503 πολυ

313 523 542 587 ἀλληλων
542 520 988 618 ἐστρατοπεδεύοντο)
1006 529 1300 598 προαπελθεῖν.
1324 526 1541 601 Βρασίδας
1555 518 1602 579 δε

326 624 436 672 αμα
458 626 509 666 τη
537 624 591 673 eqo
616 603 672 660 ὡς
694 600 773 653 εἰὸε
795 625 887 659 τους
913 599 1174 660 Μακεδῖνας
1198 624 1598 694 προκεχωρηκοτας,
1665 643 1673 649 -
1706 611 1707 614 ’

328 696 421 736 τους
435 701 481 729 τε
497 675 725 773 Ἰλλυριοῧς
737 700 814 729 και
830 701 896 730 τον
907 677 1141 750 Ἀῤῥίβαιον
1152 675 1399 749 μελλοντας
1415 675 1572 732 ἐπιεναι
1582 716 1599 735 ‚

328 747 594 820 ξυναγαγων
616 776 693 806 και
719 749 847 812 αὐτος
869 756 908 812 ἒς
928 775 1181 826 τετραγωνον
1206 755 1324 818 τάξιν
1349 780 1441 814 τους
1469 760 1600 807 ὁπλί-

326 853 430 888 τας,
461 853 539 881 και
567 853 632 882 τον
656 826 787 894 ψιλον
817 828 961 919 ὅμιλον
989 832 1030 887 ἐς
1053 852 1183 901 μεσον
1208 824 1391 893 λαβων,
1423 832 1600 891 διενοεῖτο

327 909 573 998 αναχωρεῗν.
610 905 827 978 ἐκὸρομους
855 898 923 962 δε,
957 929 1051 966 ειπη
1079 907 1404 979 προσβαλλοιεν
1434 911 1601 966 αὐτοῖς,
1665 937 1670 952 2
1704 895 1706 898 ἡ

330 978 456 1045 εταξε
474 1006 566 1040 τους
585 1004 820 1040 νεωτατους.
841 1005 919 1034 και
939 979 1065 1040 αὐτος
1083 980 1332 1049 λογάδαςν
1307 1006 1418 1048 εχων
1431 1007 1600 1055 τριακο-
1668 1029 1670 1033 ,

328 1065 442 1116 σίους
451 1096 464 1114 ,
478 1061 719 1117 τελευταιος
735 1057 906 1130 γνώμην
919 1057 1042 1122 εἶχεν,
1057 1058 1286 1133 ὑποχωρων
1301 1064 1384 1119 τοῖς
1394 1084 1475 1113 των
1487 1063 1600 1114 ἐναν-

328 1141 423 1188 τίων
433 1157 616 1227 πρωτοις
619 1157 982 1207 προσκεισομενοις
991 1172 1002 1190 ,
1018 1136 1318 1227 ανθισταμενος
1330 1133 1600 1208 &savineo-«90⁶1.

329 1235 410 1264 και
434 1235 526 1284 πριν
551 1235 655 1269 τους
667 1217 900 1284 πολεμίους
925 1207 1066 1276 ἐγγυς
1094 1210 1218 1269 εἶναι,
1241 1214 1297 1272 ὡς
1315 1210 1388 1265 dm
1405 1210 1598 1278 ταχέων,

328 1285 682 1364 παρεκελεύσατο
701 1291 784 1348 τοῖς
803 1287 1085 1364 στρατιώταις
1102 1288 1255 1343 τοιαίδε.

330 1447 571 1503 repentinam
597 1447 730 1503 fugam
751 1447 1000 1490 coniicientes
1027 1447 1188 1490 domum
1213 1448 1432 1490 tendebant.
1450 1448 1500 1490 Et
1515 1448 1608 1490 Per-

330 1517 478 1559 diccam
490 1548 502 1568 ,
523 1517 591 1572 qui
609 1516 743 1573 fugam
768 1515 944 1572 ipsorum
963 1517 1075 1558 initio
1096 1530 1178 1558 non
1196 1515 1385 1567 senserat,
1405 1515 1606 1558 ubifresci->

330 1588 420 1636 vit,
443 1597 651 1642 antequam
677 1586 874 1628 Brafidam
893 1586 1068 1638 videret,
1098 1587 1141 1629 &
1161 1600 1244 1628 rem
1268 1599 1364 1628 cum
1385 1584 1470 1641 ipso
1494 1595 1605 1627 com-

330 1657 572 1707 municaret,
595 1657 718 1711 (alter
738 1657 840 1698 enim
860 1656 909 1697 ab
928 1656 1052 1698 altero
1071 1655 1191 1698 castra
1207 1655 1321 1697 valde
1336 1653 1474 1710 procul
1485 1653 1606 1693 habe·
1668 1683 1676 1690 ,

329 1727 424 1778 bat)
461 1727 566 1768 illinc
587 1727 699 1768 ocius
723 1727 830 1768 abire
856 1729 1084 1781 co'e‘gerunt.
1121 1725 1296 1767 Brasidas
1319 1738 1421 1767 vero
1443 1722 1604 1764 simulac
1669 1751 1675 1757 ·

329 1797 410 1838 dies
439 1796 589 1847 illuxit,
613 1810 706 1838 cum
734 1796 1081 1847 animadvertiffet,
1106 1798 1340 1838 Macedones
1363 1797 1440 1838 iam
1470 1794 1605 1837 disces-
1672 1811 1679 1822 =

330 1864 438 1918 fisse,
462 1867 507 1908 &
531 1867 692 1921 Illyrios
713 1880 758 1908 ac
785 1866 1046 1908 Arrhibaeum
1067 1878 1207 1909 contra
1226 1865 1265 1907 se
1286 1877 1501 1916 venturos,
1526 1865 1605 1921 ipse

331 1947 495 1989 quoque
523 1935 653 1988 gravis
683 1936 1110 1977 armaturae·militibus
1138 1937 1179 1976 in
1205 1949 1343 1990 agmen
1375 1935 1605 1990 quadratum

331 2004 477 2046 coactis
489 2036 501 2055 ,
522 2006 565 2045 δι
583 2005 682 2047 levis
700 2016 916 2047 armaturae
934 2006 1116 2047 militibus
1136 2007 1176 2046 in
1196 2007 1364 2047 medium
1385 2018 1524 2060 agmen
1541 2018 1605 2046 re-
1670 2037 1677 2044 .

331 2077 452 2130 ceptis
466 2107 479 2126 ‚
504 2075 607 2116 illinc
629 2077 809 2117 recedere
834 2076 1041 2131 cogitabat.
1069 2076 1246 2118 Iuniores
1271 2086 1402 2117 autem
1422 2074 1604 2131 disposuit

332 2147 380 2187 ad
405 2146 655 2188 excursiones
680 2146 900 2199 faciendas,
936 2147 967 2188 fi
987 2161 1066 2202 qua
1093 2147 1220 2189 hostes
1245 2146 1348 2202 ipsos
1369 2146 1606 2188 invaderent.

330 2215 417 2271 Ipse
433 2229 536 2258 vero
552 2230 644 2258 cum
662 2216 807 2258 deleeta
832 2228 1096 2265 ,trecentorum
1119 2231 1241 2258 manu
1262 2218 1303 2257 in
1331 2217 1463 2258 animo
1489 2216 1606 2256 habe-
1672 2253 1677 2259 .

331 2285 423 2336 bat,
442 2285 658 2341 postremus
682 2286 724 2326 &
752 2287 791 2326 in
815 2286 1025 2328 noviffimo
1051 2288 1203 2341 agmine
1228 2285 1451 2336 subsistens,
1469 2285 1604 2340 primis

332 2355 548 2411 quibusque
569 2356 876 2399 adversariorum
897 2357 1180 2413 impreffionem
1203 2359 1242 2397 in
1261 2356 1353 2398 suos
1371 2356 1527 2398 facturis
1544 2370 1606 2398 re-
1667 2376 1675 2392 -·

330 2425 482 2476 fistere,
493 2424 637 2481 eosque
657 2425 924 2482 propulsando
939 2426 978 2467 se
997 2426 1228 2467 subducere:
1247 2426 1290 2466 &
1309 2435 1515 2479 antequam
1533 2424 1603 2465 ho-

329 2495 404 2538 stes
428 2497 789 2553 appropinquarent
803 2527 817 2548 ,
848 2509 923 2552 pro
951 2495 1159 2546 facultate,
1179 2508 1298 2551 quam
1323 2493 1395 2550 ipsi
1417 2494 1605 2549 temporis
