1728 3120
359 191 428 244 '14
677 179 1364 229 THUCYDIDIS

363 295 459 341 γαρ
477 266 518 334 ἦν
538 270 664 325 ἱῖπλοο
683 276 719 326 ὲν
732 275 918 346 χωρίῳ
906 297 1043 346 ερημῳ
1067 275 1363 348 πορίσασθαι.
1391 271 1530 328 ἄλλοι
1554 299 1635 328 κοοι

365 350 513 402 rafim
532 352 586 401 ἐκ,
598 363 822 440 ληστρικης
842 351 1095 411 Μεσσηνίων
1113 374 1387 423 τριοικοντορου
1409 375 1488 403 nou
1505 349 1637 413 κέλη-

362 450 432 484 τος
458 423 622 487 ἔλαβον
653 427 686 478 οἰ
719 423 864 488 ἔτυχον
890 427 1242 497 παραγενόμενοι.
1271 430 1461 479 ὁπλῖτοοί
1484 451 1530 480 τε
1556 451 1638 480 των

366 502 619 564 Meo-mian
636 526 785 554 τουτων
798 523 854 560 ως
866 502 1192 591 τεσσαράκοντα
1205 500 1383 568 ἐγένοντο
1394 540 1406 559 ,
1422 502 1478 562 οἷς
1492 503 1638 576 ὲχρῆτο

365 575 487 648 μετὰ
500 602 580 630 των
600 577 769 630 ἄλλων
789 601 883 636 τους
897 601 972 648 μεν
996 574 1061 631 οὖν
1082 576 1276 637 πολλους
1294 604 1372 632 των
1392 602 1437 631 τε
1459 579 1640 631 ἀόπλων

364 677 445 707 κοιι
472 651 777 724 ωπλισμένων,
808 651 879 705 ἒπι
905 677 966 705 τοι
992 651 1292 724 τετειχισμέναι
1321 655 1537 747 μάλιστα
1561 679 1640 707 mn

363 728 502 802 ἔχυροι
517 755 587 783 του
602 736 762 818 χωριόυ
771 753 871 820 προς
883 754 952 791 την
966 753 1121 803 ηπειρον
1139 728 1278 793 ἔταξε
1265 753 1503 823 προειπων
1518 729 1639 802 ἀμό-

361 807 539 860 νοισθοιι
568 830 633 858 τον
662 802 848 869 πεζον,’
837 829 879 866 ην
905 806 1156 879 προσβάλῃ.
1186 803 1310 864 οούτος
1336 798 1384 858 ὃε
1410 806 1642 875 ἀπολεξά-

366 906 485 955 μενος
511 886 561 934 ἐκ
585 882 756 934 πάντων
783 879 982 943 ἑέἤκοντοο
1008 887 1216 940 ὁπλίτας,
1248 906 1325 934 κοοι
1350 881 1523 945 τοξοτοος
1549 888 1642 934 ὀλί-

365 982 495 1025 γους,
525 958 671 1031 ὲχωρει
698 955 776 1020 ἔξω
805 981 877 1008 του
913 964 1077 1021 τείχους
1110 957 1180 1010 ἐπι
1209 983 1278 1021 την
1305 958 1641 1014 θάλασσαν,
1616 968 1640 1025 ᾖ

367 1036 581 1125 μάλιστα
600 1037 766 1091 ἐκείνους
783 1032 1061 1126 προσεδεχετο
1081 1057 1292 1107 πειρασειν
1312 1036 1576 1096 ἀποβαίνειν
1602 1037 1642 1093 ἐς

368 1117 511 1185 χωρία
531 1133 606 1181 Ιιιεν
625 1107 825 1173 χοιλεποο
848 1133 926 1162 κοιι
953 1110 1138 1184 πετρωὸη
1164 1135 1264 1184 προς
1285 1134 1329 1162 το
1348 1108 1553 1176 πέλαγος
1571 1133 1642 1162 τε·

368 1210 619 1259 τροιμμενοι,
641 1192 773 1240 σφίσι
799 1177 845 1238 δε
869 1211 939 1239 του
966 1209 1132 1250 τειχους
1156 1210 1288 1255 roam-n
1315 1187 1644 1240 ἀσθενεστάτου

368 1289 498 1323 οντος,
517 1263 879 1316 επισποὶσοισθοοι
904 1261 1054 1322 αὐτους
1072 1266 1214 1330 ἦγειτο
1243 1262 1641 1338 προθυμησεσθοιι

365 1419 440 1461 fibi
462 1431 690 1474 comparare
719 1429 912 1473 poterant.
945 1418 1058 1473 Quin
1085 1419 1204 1460 etiam
1233 1419 1328 1462 haec
1352 1419 1432 1474 ipsa
1461 1429 1643 1475 ceperant

367 1504 418 1531 ex
454 1489 615 1544 piratica
649 1489 822 1538 triremi,
860 1488 901 1529 δε
939 1488 1113 1529 asinario
1140 1490 1302 1543 navigio
1337 1489 1614 1530 Messeniorum
1628 1519 1642 1539 ‚

366 1560 436 1614 qui
465 1557 567 1599 forte
589 1571 639 1599 eo
664 1558 903 1613 appulerant.
932 1559 983 1600 Et
1011 1560 1110 1601 inter
1137 1559 1227 1600 istos
1245 1558 1454 1601 Meffenios
1483 1559 1641 1602 fuerunt

365 1630 416 1670 ad
435 1629 685 1683 quadraginta
703 1629 833 1682 gravis
847 1641 1066 1670 armaturae
1080 1630 1216 1671 milites
1225 1662 1238 1680 ,
1253 1630 1396 1685 quibus
1408 1630 1641 1672 Demosthe-

366 1711 438 1739 nes
463 1711 542 1739 una
566 1711 655 1737 cum
675 1696 760 1737 aliis
780 1696 871 1737 usus
893 1697 960 1737 est.
990 1697 1027 1738 Is
1052 1699 1172 1751 igitur
1199 1697 1410 1738 multos&
1431 1697 1638 1738 inermium

367 1769 413 1809 &
428 1777 663 1808 armatorum
673 1797 686 1816 ‚
701 1779 779 1819 qua
799 1765 966 1805 maxime
985 1766 1250 1808 continentem
1264 1765 1399 1807 versus
1415 1779 1533 1807 muro
1554 1779 1643 1808 mu-

366 1837 493 1877 nitum
515 1834 791 1888 firmatumque
811 1833 999 1888 oppidum
1019 1845 1125 1885 erat,
1144 1834 1353 1891 disposuit,
1375 1835 1642 1890 praecipiens,

344 1917 416 1949 *ut
441 1903 609 1946 hostium
634 1903 846 1957 peditatum
877 1902 1169 1957 propulsarent,
1189 1903 1218 1944 fi
1238 1905 1520 1959 aggrederetur.
1557 1903 1642 1959 Ipse

367 1987 496 2023 vero,
518 1985 609 2013 cum
629 1984 679 2011 ex
705 1970 890 2012 omnibus
914 1969 1109 2024 sexaginta
1136 1974 1271 2026 gravis
1298 1983 1518 2014 armaturae
1543 1973 1644 2013 mili-

367 2055 452 2094 tes,
475 2043 519 2083 δι
542 2041 690 2095 aliquot
711 2039 927 2094 sagittarios
954 2040 1169 2095 delegisset,
1193 2057 1282 2084 cum
1312 2042 1389 2084 istis
1414 2054 1525 2084 extra
1551 2057 1643 2083 mu·-

366 2126 456 2154 rum
483 2110 531 2151 ad
551 2122 657 2150 mare
682 2109 879 2164 profeflus
896 2109 974 2161 est,
992 2125 1071 2165 qua
1094 2112 1330 2166 potiffimum
1354 2113 1442 2155 illos
1461 2127 1511 2155 ex
1530 2115 1644 2156 navi-

367 2184 444 2224 bus
455 2182 495 2222 in
512 2191 656 2220 terram
675 2178 894 2220 exscensum
913 2179 1038 2223 facere
1051 2194 1264 2224 conaturos
1276 2172 1526 2224 existimabat.
1543 2197 1637 2224 nam

369 2252 472 2309 ipsos
498 2253 546 2292 ad
568 2252 655 2293 loca
679 2252 835 2306 quidem
860 2251 995 2308 aspera
1008 2283 1021 2303 ‚
1041 2253 1085 2294 δι
1109 2253 1241 2296 saxosa
1254 2288 1266 2306 ,
1286 2256 1330 2296 &
1350 2256 1398 2297 ad
1420 2269 1527 2297 mare
1545 2269 1640 2298 con-

368 2321 501 2365 versa:
527 2320 588 2361 sed
605 2332 758 2372 tamen,
781 2322 876 2376 quia
899 2322 949 2361 ab
970 2322 1044 2363 hac
1065 2334 1175 2377 parte
1197 2323 1286 2364 suae
1310 2325 1535 2365 munitionis
1553 2339 1643 2366 mu-

369 2405 438 2435 rus
455 2390 725 2433 infirmiffimus
743 2403 846 2443 erat,
866 2392 971 2447 ipsos
992 2393 1081 2434 ideo.
1093 2394 1253 2448 putabat
1276 2393 1455 2436 alle&um
1474 2395 1545 2444 iri,
1562 2409 1642 2437 ma.

368 2476 529 2519 ‘guoque
551 2461 678 2504 studio
697 2462 854 2505 daturos
880 2474 1068 2517 operam,
1082 2473 1125 2503 ut
1142 2463 1183 2503 in
1203 2462 1301 2504 hanc
1319 2473 1468 2518 partem
1483 2461 1642 2509 exscenff
