1728 3120
296 184 392 250 ,ψ
618 183 1311 233 THUCYDIDIS

329 301 411 331 και
392 277 848 352 προεμβαλόντων,
833 302 969 354 ετεραν
985 279 1082 334 ναῧν
1095 276 1383 333 ἀπολλύουσι.
1395 302 1474 334 και
1486 279 1525 335 ἐν
1521 305 1599 373 τῳ

329 355 589 447 παράπλῳ,
616 378 695 409 και
719 359 770 421 τῇ
796 358 1037 427 ναυμαχία
1062 380 1356 430 τοιουτοτροπῳ
1382 355 1598 428 γενομένη,

327 436 408 485 οὐκ
424 428 612 484 ελασσον
627 429 791 496 ἔχοντες
803 457 836 484 οι
828 431 1137 529 Συρακούσιοι
1150 434 1571 507 παρεκομίσθησαν’
1560 457 1601 494 ες

329 533 397 562 τον
414 510 451 562 ἐν
464 532 511 573 τῃ
489 506 736 576 Μεσσήνη
752 505 923 579 λιμένα.
941 533 1018 562 και
1038 516 1072 562 οἱ
1087 532 1163 581 μεν
1178 510 1401 572 Ἀθηναῖοι,
1421 510 1600 581 Καμα-

331 591 430 661 ρίνης
455 587 750 650 αγγελθείσης
768 585 1050 676 προδῊοσθαι
1078 586 1420 659 Συρακουσίοις
1400 591 1476 639 wr’
1501 588 1600 680 ’Ap-

330 667 430 726 χίου
449 684 527 713 και
549 685 630 714 των
650 666 748 731 μετ’
771 661 924 718 αυτοῧ,
947 658 1163 715 ἔπλευσαν
1185 665 1336 715 ἒκεισε.
1362 661 1603 724 Μεσσηνιοι

332 739 407 790 δ”
397 761 433 791 εν
451 761 585 809 τουτῳ
609 736 820 809 πανδημει
847 760 971 790 κατα
998 760 1079 803 γην
1106 762 1183 790 και
1211 761 1308 797 ταις
1335 761 1476 792 ναυσιν
1481 737 1605 834 τᾶρια

330 813 622 887 ἐστράτευσαν
641 811 712 866 ἐπι
732 807 943 877 Ναὲον
897 838 969 875 ,την
985 807 1321 876 Χαλκιδικην”
1295 838 1434 888 ομορον
1457 822 1602 868 οὖσαν·

332 914 413 944 και
429 914 477 955 τη
493 913 634 957 πρωτη
647 886 785 962 ἡμέρα
803 912 1002 963 τειχηρεις
1019 913 1270 952 ποιησαντες
1285 915 1377 949 τους
1390 893 1606 956 Ναξίους,

335 959 525 1034 ἒὸκουν
481 990 551 1027 την
566 980 658 1031 γην·
672 991 720 1031 τη
699 967 812 1018 “⁹²15
794 972 1000 1040 υστεραία
1010 1003 1023 1023 ,
1037 989 1134 1026 ταις
1145 988 1228 1059 μεν
1233 989 1352 1019 ναυσι
1370 966 1607 1060 περιπλευ-

334 1065 488 1100 σαντες
503 1065 626 1094 κατα
640 1067 704 1096 τον
720 1043 931 1103 Ἀκεσίνην
950 1040 1144 1114 ποταμον
1155 1081 1166 1099 ,
1184 1067 1255 1104 την
1271 1043 1351 1109 γῆν
1370 1040 1500 1111 ἒὸηουν
1511 1082 1522 1101 ,
1543 1068 1606 1116 τῳ

337 1111 384 1172 δε
402 1118 520 1210 πεζῷ
538 1143 639 1192 προς
656 1144 725 1180 την
743 1119 870 1172 πόλιν
890 1116 1116 1181 ἐσέβαλον.
1144 1122 1181 1172 ὲν
1200 1117 1332 1192 τούτῳ
1351 1111 1395 1172 δε
1414 1145 1448 1173 οι
1470 1121 1608 1173 Σικε-

335 1194 406 1249 λοι
426 1188 529 1263 ὑπερ
548 1220 626 1248 των
652 1194 826 1292 ἄκρων
814 1193 975 1248 πολλοι
1000 1193 1254 1258 κατέβαινον
1278 1197 1547 1259 βοηθουντες
1536 1219 1607 1249 em

341 1297 434 1332 τους
450 1251 732 1333 M'wcrnvzfflovg
749 1295 828 1324 και
844 1278 879 1324 οἱ
897 1272 1100 1336 Ναξιοι
1073 1296 1128 1331 ως
1146 1272 1239 1325 εἷὸον
1250 1309 1262 1329 ,
1280 1272 1607 1346 θαρσήσαντες,

338 1371 419 1401 και
443 1348 834 1422 παρακελευομενοι
861 1351 897 1402 ἓν
920 1349 1100 1408 ἑαυτοις,
1122 1350 1177 1407 ὡς
1197 1373 1231 1401 οι
1222 1350 1451 1403 Λεοντινοι
1471 1356 1606 1415 σφισι

338 1495 464 1537 veffls
475 1527 487 1546 ‚
500 1495 542 1536 δι
563 1497 672 1551 prius
692 1496 841 1537 hostem
856 1495 1029 1551 agrestis,
1045 1496 1204 1538 alteram
1226 1509 1371 1539 navem
1386 1496 1611 1539 amiserunt.

338 1568 576 1622 Syracusani
603 1580 761 1620 autem,
782 1583 875 1612 cum
898 1571 938 1611 in
961 1571 1035 1612 hac
1053 1569 1412 1626 praeterveffione,
1442 1570 1614 1625 proelio-

337 1655 417 1696 que
439 1641 593 1692 navali,
612 1642 723 1697 quod
743 1641 964 1683 huiusmodi
983 1642 1076 1693 fuit,
1101 1655 1183 1683 rem
1205 1655 1288 1684 non
1307 1640 1499 1684 deteriore
1517 1656 1612 1685 con-

339 1715 487 1755 ·ditione
509 1713 723 1768 gestissent,
747 1713 787 1753 in
806 1713 1004 1755 Meffanae
1026 1724 1185 1769 portum
1210 1713 1248 1755 se
1270 1724 1510 1769 receperunt.
1539 1713 1614 1755 At-

339 1798 419 1839 que
443 1781 698 1824 Athenienses
721 1783 899 1838 quidem‚
926 1796 1016 1824 cum
1037 1797 1107 1839 per
1129 1780 1291 1826 nunti'os
1322 1783 1614 1835 intellexissent,

339 1857 592 1899 Camarinam
608 1853 859 1907 Syracusanis
876 1854 927 1894 ab
939 1854 1089 1895 Archia
1107 1853 1269 1909 eiusque
1285 1852 1397 1895 sociis
1414 1854 1550 1908 prodi,
1562 1868 1615 1896 eo

337 1923 587 1977 navigarunt.
618 1922 770 1964 Interea
791 1936 892 1963 vero
916 1922 1198 1974 Meffanenses,
1223 1936 1317 1964 cum
1343 1923 1528 1965 omnibus
1551 1934 1612 1966 to-

337 1997 421 2037 tius
441 1994 579 2051 populi
601 1994 750 2049 copiis,
774 2004 877 2035 terra
900 1994 1076 2049 marique
1095 1994 1208 2036 simul
1229 1995 1515 2050 expeditionem
1534 1994 1616 2036 sus·

338 2075 528 2121 ceperunt
553 2064 735 2124 adversus
752 2065 910 2105 Naxum
922 2064 1181 2106 Chalcidicam
1192 2096 1204 2115 ‚
1226 2078 1327 2120 quae
1341 2065 1502 2107 finitima
1519 2077 1618 2109 erat.

341 2137 554 2191 Primoque
576 2136 640 2177 die
656 2136 792 2177 Naxiis
811 2136 909 2176 intra
929 2136 1084 2177 moenia
1107 2135 1324 2187 conclusis,
1337 2146 1474 2191 agrum
1491 2136 1618 2179 vasta-

340 2204 448 2245 bant.
468 2203 628 2245 Postero
642 2216 743 2246 vero
757 2205 838 2255 die,
852 2204 964 2246 clafl'e
979 2204 1228 2254 circumveffl
1243 2218 1313 2260 per
1331 2206 1500 2248 fluvium
1513 2206 1615 2248 Ace-

341 2272 473 2324 smen,
496 2286 636 2328 agrum
662 2273 890 2325 vastabant,
918 2285 958 2315 at
984 2288 1077 2316 cum
1102 2275 1276 2330 peditatu
1301 2275 1349 2316 ad
1378 2276 1515 2317 urbem
1540 2289 1616 2331 op-

341 2341 590 2396 pugnandam
614 2342 862 2384 accefferunt.
897 2343 1048 2384 Interea
1066 2355 1166 2385 vero
1189 2343 1308 2384 Siculi
1332 2343 1468 2392 multi,
1485 2343 1554 2397 qui
1573 2344 1618 2384 in

345 2412 548 2454 montibus
567 2411 814 2463 habitabant,
832 2413 880 2454 ad
903 2425 1022 2468 opem
1041 2413 1175 2453 Naxiis
1197 2422 1335 2453 contra
1357 2411 1618 2453 Meffanenses

344 2478 542 2524 ferendam
562 2481 848 2527 descenderunt.
875 2482 998 2538 Quos
1017 2492 1062 2524 ut
1080 2480 1316 2538 conspexere
1330 2481 1469 2533 Naxii‚
1485 2480 1618 2523 sumtis
