<?xml version="1.0" encoding="UTF-8"?>
<!DOCTYPE html PUBLIC "-//W3C//DTD XHTML 1.0 Transitional//EN"
    "http://www.w3.org/TR/xhtml1/DTD/xhtml1-transitional.dtd">
<html xmlns="http://www.w3.org/1999/xhtml" xml:lang="en" lang="en">
 <head>
  <title>
</title>
<meta http-equiv="Content-Type" content="text/html;charset=utf-8" />
  <meta name='ocr-system' content='tesseract 3.04.00' />
  <meta name='ocr-capabilities' content='ocr_page ocr_carea ocr_par ocr_line ocrx_word'/>
</head>
<body>
  <div class='ocr_page' id='page_1' title='image "./debellopeloponn03thucuoft_0022.png"; bbox 0 0 1728 3120; ppageno 0'>
   <div class='ocr_carea' id='block_1_1' title="bbox 363 194 1337 244">
    <p class='ocr_par' dir='ltr' id='par_1_1' title="bbox 363 194 1337 244">
     <span class='ocr_line' id='line_1_1' title="bbox 363 194 1337 244; baseline -0.002 0"><span class='ocrx_word' id='word_1_1' title='bbox 363 210 420 244; x_wconf 84' lang='lat'>12</span> <span class='ocrx_word' id='word_1_2' title='bbox 649 194 1337 242; x_wconf 89' lang='lat' dir='ltr'>THUCYDIDIS</span> 
     </span>
    </p>
   </div>
   <div class='ocr_carea' id='block_1_2' title="bbox 356 283 1628 593">
    <p class='ocr_par' dir='ltr' id='par_1_2' title="bbox 356 283 1628 593">
     <span class='ocr_line' id='line_1_2' title="bbox 357 283 1628 359; baseline 0.003 -19"><span class='ocrx_word' id='word_1_3' title='bbox 357 311 436 340; x_wconf 74' lang='grc' dir='ltr'>και</span> <span class='ocrx_word' id='word_1_4' title='bbox 455 312 547 347; x_wconf 83' lang='grc' dir='ltr'>τους</span> <span class='ocrx_word' id='word_1_5' title='bbox 566 283 755 348; x_wconf 79' lang='grc' dir='ltr'>εσπλσυς</span> <span class='ocrx_word' id='word_1_6' title='bbox 773 311 957 348; x_wconf 83' lang='grc' dir='ltr'>στενους,</span> <span class='ocrx_word' id='word_1_7' title='bbox 981 314 1029 355; x_wconf 77' lang='grc' dir='ltr'>τη</span> <span class='ocrx_word' id='word_1_8' title='bbox 1048 312 1146 359; x_wconf 80' lang='grc' dir='ltr'>μεν,</span> <span class='ocrx_word' id='word_1_9' title='bbox 1168 290 1269 342; x_wconf 68' lang='grc' dir='ltr'>ὃυειν</span> <span class='ocrx_word' id='word_1_10' title='bbox 1285 293 1377 343; x_wconf 70' lang='grc' dir='ltr'>νεοῗν</span> <span class='ocrx_word' id='word_1_11' title='bbox 1395 289 1628 347; x_wconf 68' lang='grc' dir='ltr'>διάπλουν,</span> 
     </span>
     <span class='ocr_line' id='line_1_3' title="bbox 358 364 1626 457; baseline 0.002 -41"><span class='ocrx_word' id='word_1_12' title='bbox 358 387 485 417; x_wconf 78' lang='grc' dir='ltr'>καιτοι</span> <span class='ocrx_word' id='word_1_13' title='bbox 508 389 554 417; x_wconf 87' lang='grc' dir='ltr'>το</span> <span class='ocrx_word' id='word_1_14' title='bbox 580 371 796 457; x_wconf 72' lang='grc' dir='ltr'>τείχισμα</span> <span class='ocrx_word' id='word_1_15' title='bbox 814 390 894 418; x_wconf 84' lang='grc' dir='ltr'>των</span> <span class='ocrx_word' id='word_1_16' title='bbox 917 367 1159 427; x_wconf 47' lang='grc' dir='ltr'>ΗΑθηνοιιων,</span> <span class='ocrx_word' id='word_1_17' title='bbox 1187 390 1264 418; x_wconf 79' lang='grc' dir='ltr'>κοιι</span> <span class='ocrx_word' id='word_1_18' title='bbox 1291 391 1361 429; x_wconf 86' lang='grc' dir='ltr'>την</span> <span class='ocrx_word' id='word_1_19' title='bbox 1380 364 1546 419; x_wconf 79' lang='grc' dir='ltr'>Πυλον</span> <span class='ocrx_word' id='word_1_20' title='bbox 1573 370 1626 431; x_wconf 62' lang='grc' dir='ltr'>τῇ</span> 
     </span>
     <span class='ocr_line' id='line_1_4' title="bbox 356 432 1626 532; baseline 0 -38"><span class='ocrx_word' id='word_1_21' title='bbox 356 432 425 497; x_wconf 60' lang='grc' dir='ltr'>δῖ,</span> <span class='ocrx_word' id='word_1_22' title='bbox 442 465 544 532; x_wconf 86' lang='grc' dir='ltr'>προς</span> <span class='ocrx_word' id='word_1_23' title='bbox 561 466 630 502; x_wconf 78' lang='grc' dir='ltr'>την</span> <span class='ocrx_word' id='word_1_24' title='bbox 649 441 792 503; x_wconf 68' lang='grc' dir='ltr'><strong><em>ἄλλην</em></strong></span> <span class='ocrx_word' id='word_1_25' title='bbox 812 463 1017 524; x_wconf 83' lang='grc' dir='ltr'>ηπειρον,</span> <span class='ocrx_word' id='word_1_26' title='bbox 1007 436 1116 495; x_wconf 76' lang='grc' dir='ltr'>ὀκτω</span> <span class='ocrx_word' id='word_1_27' title='bbox 1129 469 1150 504; x_wconf 89' lang='grc' dir='ltr'><em>η</em></span> <span class='ocrx_word' id='word_1_28' title='bbox 1166 441 1287 495; x_wconf 78' lang='grc' dir='ltr'>ὲννέοι.</span> <span class='ocrx_word' id='word_1_29' title='bbox 1305 442 1465 504; x_wconf 68' lang='grc' dir='ltr'><strong><em>ὑλωὸης</em></strong></span> <span class='ocrx_word' id='word_1_30' title='bbox 1480 465 1526 495; x_wconf 85' lang='grc' dir='ltr'>τε</span> <span class='ocrx_word' id='word_1_31' title='bbox 1545 466 1626 494; x_wconf 72' lang='grc' dir='ltr'>και</span> 
     </span>
     <span class='ocr_line' id='line_1_5' title="bbox 356 512 1626 593; baseline 0.002 -24"><span class='ocrx_word' id='word_1_32' title='bbox 356 512 536 590; x_wconf 74' lang='grc' dir='ltr'>ἀτριβης</span> <span class='ocrx_word' id='word_1_33' title='bbox 555 521 694 570; x_wconf 57' lang='lat' dir='ltr'>nam</span> <span class='ocrx_word' id='word_1_34' title='bbox 711 522 786 571; x_wconf 79' lang='grc' dir='ltr'>ὑπ’</span> <span class='ocrx_word' id='word_1_35' title='bbox 805 521 975 591; x_wconf 72' lang='grc' dir='ltr'>ἐρημίαις</span> <span class='ocrx_word' id='word_1_36' title='bbox 993 523 1054 579; x_wconf 76' lang='grc' dir='ltr'>ἦν,</span> <span class='ocrx_word' id='word_1_37' title='bbox 1076 542 1154 571; x_wconf 68' lang='lat' dir='ltr'>ma</span> <span class='ocrx_word' id='word_1_38' title='bbox 1171 516 1351 587; x_wconf 72' lang='grc' dir='ltr'>μέγεθος</span> <span class='ocrx_word' id='word_1_39' title='bbox 1368 542 1460 593; x_wconf 83' lang='grc' dir='ltr'>περι</span> <span class='ocrx_word' id='word_1_40' title='bbox 1477 541 1626 572; x_wconf 77' lang='grc' dir='ltr'>πεντε-</span> 
     </span>
    </p>
   </div>
   <div class='ocr_carea' id='block_1_3' title="bbox 1320 592 1346 610">
    <p class='ocr_par' dir='ltr' id='par_1_3' title="bbox 1320 592 1346 610">
     <span class='ocr_line' id='line_1_6' title="bbox 1320 592 1346 610; baseline 0 0"><span class='ocrx_word' id='word_1_41' title='bbox 1320 592 1346 610; x_wconf 68' lang='grc' dir='ltr'>θ]</span> 
     </span>
    </p>
   </div>
   <div class='ocr_carea' id='block_1_4' title="bbox 355 594 1626 744">
    <p class='ocr_par' dir='ltr' id='par_1_4' title="bbox 355 594 1626 744">
     <span class='ocr_line' id='line_1_7' title="bbox 355 594 1626 666; baseline 0.001 -20"><span class='ocrx_word' id='word_1_42' title='bbox 355 594 543 646; x_wconf 71' lang='grc' dir='ltr'>κοιίὸεκοι</span> <span class='ocrx_word' id='word_1_43' title='bbox 561 595 754 654; x_wconf 67' lang='grc' dir='ltr'>σταῶ’ως</span> <span class='ocrx_word' id='word_1_44' title='bbox 774 594 1003 666; x_wconf 64' lang='grc' dir='ltr'>μαλιστα.</span> <span class='ocrx_word' id='word_1_45' title='bbox 1026 618 1119 655; x_wconf 85' lang='grc' dir='ltr'>τους</span> <span class='ocrx_word' id='word_1_46' title='bbox 1137 619 1214 666; x_wconf 76' lang='grc' dir='ltr'>μεν</span> <span class='ocrx_word' id='word_1_47' title='bbox 1239 619 1302 647; x_wconf 86' lang='grc' dir='ltr'>ουν</span> <span class='ocrx_word' id='word_1_48' title='bbox 1321 608 1510 654; x_wconf 83' lang='grc' dir='ltr'>εσπλους</span> <span class='ocrx_word' id='word_1_49' title='bbox 1528 618 1626 653; x_wconf 78' lang='grc' dir='ltr'>ταιις</span> 
     </span>
     <span class='ocr_line' id='line_1_8' title="bbox 356 664 1626 744; baseline 0.001 -22"><span class='ocrx_word' id='word_1_50' title='bbox 356 693 497 724; x_wconf 78' lang='grc' dir='ltr'>νοιυσιν</span> <span class='ocrx_word' id='word_1_51' title='bbox 517 672 790 744; x_wconf 71' lang='grc' dir='ltr'>ἀντιπρώρους</span> <span class='ocrx_word' id='word_1_52' title='bbox 807 669 937 734; x_wconf 75' lang='grc' dir='ltr'>βυζην</span> <span class='ocrx_word' id='word_1_53' title='bbox 954 664 1127 738; x_wconf 78' lang='grc' dir='ltr'>κλησειν</span> <span class='ocrx_word' id='word_1_54' title='bbox 1143 669 1342 744; x_wconf 73' lang='grc' dir='ltr'>εμελλον</span> <span class='ocrx_word' id='word_1_55' title='bbox 1362 693 1431 732; x_wconf 82' lang='grc' dir='ltr'>την</span> <span class='ocrx_word' id='word_1_56' title='bbox 1447 665 1557 724; x_wconf 56' lang='grc' dir='ltr'>ὁὶ</span> <span class='ocrx_word' id='word_1_57' title='bbox 1513 694 1626 732; x_wconf 81' lang='grc' dir='ltr'>νησον</span> 
     </span>
    </p>
   </div>
   <div class='ocr_carea' id='block_1_5' title="bbox 353 745 1627 1276">
    <p class='ocr_par' dir='ltr' id='par_1_5' title="bbox 353 745 1627 1276">
     <span class='ocr_line' id='line_1_9' title="bbox 358 745 1626 839; baseline -0.002 -40"><span class='ocrx_word' id='word_1_58' title='bbox 358 770 510 808; x_wconf 70' lang='grc' dir='ltr'>ταυτην</span> <span class='ocrx_word' id='word_1_59' title='bbox 547 745 805 817; x_wconf 76' lang='grc' dir='ltr'>φοβουμενοι</span> <span class='ocrx_word' id='word_1_60' title='bbox 839 770 903 816; x_wconf 78' lang='grc' dir='ltr'>μη</span> <span class='ocrx_word' id='word_1_61' title='bbox 933 748 978 809; x_wconf 74' lang='grc' dir='ltr'>ἐξ</span> <span class='ocrx_word' id='word_1_62' title='bbox 1013 747 1139 808; x_wconf 80' lang='grc' dir='ltr'>οιύτης</span> <span class='ocrx_word' id='word_1_63' title='bbox 1173 772 1238 800; x_wconf 84' lang='grc' dir='ltr'>τον</span> <span class='ocrx_word' id='word_1_64' title='bbox 1250 746 1459 839; x_wconf 75' lang='grc' dir='ltr'>πόλεμον</span> <span class='ocrx_word' id='word_1_65' title='bbox 1490 753 1626 808; x_wconf 66' lang='grc' dir='ltr'>σφίσι</span> 
     </span>
     <span class='ocr_line' id='line_1_10' title="bbox 356 817 1626 915; baseline -0.001 -39"><span class='ocrx_word' id='word_1_66' title='bbox 356 846 580 879; x_wconf 84' lang='grc' dir='ltr'>ποιωντοιι,</span> <span class='ocrx_word' id='word_1_67' title='bbox 603 828 790 882; x_wconf 75' lang='grc' dir='ltr'>ὁπλίταις</span> <span class='ocrx_word' id='word_1_68' title='bbox 808 823 1073 885; x_wconf 73' lang='grc' dir='ltr'>ὃιεβιβοισσιν</span> <span class='ocrx_word' id='word_1_69' title='bbox 1094 831 1148 882; x_wconf 82' lang='grc' dir='ltr'>εἰς</span> <span class='ocrx_word' id='word_1_70' title='bbox 1168 817 1316 884; x_wconf 70' lang='grc' dir='ltr'>αὐτην,</span> <span class='ocrx_word' id='word_1_71' title='bbox 1341 846 1419 875; x_wconf 70' lang='lat' dir='ltr'>mc</span> <span class='ocrx_word' id='word_1_72' title='bbox 1441 845 1546 915; x_wconf 88' lang='grc' dir='ltr'>περι</span> <span class='ocrx_word' id='word_1_73' title='bbox 1553 846 1626 884; x_wconf 85' lang='grc' dir='ltr'>την</span> 
     </span>
     <span class='ocr_line' id='line_1_11' title="bbox 359 897 1627 972; baseline 0 -21"><span class='ocrx_word' id='word_1_74' title='bbox 359 897 518 972; x_wconf 65' lang='grc' dir='ltr'>ἤπειρον</span> <span class='ocrx_word' id='word_1_75' title='bbox 535 899 702 958; x_wconf 73' lang='grc' dir='ltr'>ἄλλους</span> <span class='ocrx_word' id='word_1_76' title='bbox 722 897 891 963; x_wconf 72' lang='grc' dir='ltr'>εταιξοιν.</span> <span class='ocrx_word' id='word_1_77' title='bbox 912 922 1016 952; x_wconf 82' lang='grc' dir='ltr'>ουτω</span> <span class='ocrx_word' id='word_1_78' title='bbox 1035 922 1127 968; x_wconf 71' lang='grc' dir='ltr'>γαρ</span> <span class='ocrx_word' id='word_1_79' title='bbox 1148 924 1230 959; x_wconf 83' lang='grc' dir='ltr'>τοις</span> <span class='ocrx_word' id='word_1_80' title='bbox 1251 899 1473 960; x_wconf 73' lang='grc' dir='ltr'>Ἀθηναίοις</span> <span class='ocrx_word' id='word_1_81' title='bbox 1490 922 1558 959; x_wconf 81' lang='grc' dir='ltr'>την</span> <span class='ocrx_word' id='word_1_82' title='bbox 1579 920 1627 951; x_wconf 78' lang='grc' dir='ltr'>τε</span> 
     </span>
     <span class='ocr_line' id='line_1_12' title="bbox 357 973 1627 1068; baseline -0.001 -40"><span class='ocrx_word' id='word_1_83' title='bbox 357 999 471 1036; x_wconf 85' lang='grc' dir='ltr'>νησον</span> <span class='ocrx_word' id='word_1_84' title='bbox 489 983 708 1045; x_wconf 60' lang='grc' dir='ltr'>πολεμιων</span> <span class='ocrx_word' id='word_1_85' title='bbox 728 973 918 1028; x_wconf 65' lang='grc' dir='ltr'>ἔσεσθαι</span> <span class='ocrx_word' id='word_1_86' title='bbox 929 1013 941 1031; x_wconf 89' lang='grc'>,</span> <span class='ocrx_word' id='word_1_87' title='bbox 958 1000 1026 1036; x_wconf 82' lang='grc' dir='ltr'>την</span> <span class='ocrx_word' id='word_1_88' title='bbox 1044 998 1088 1028; x_wconf 90' lang='grc' dir='ltr'>τε</span> <span class='ocrx_word' id='word_1_89' title='bbox 1097 974 1285 1068; x_wconf 66' lang='grc' dir='ltr'>ἤπειρον,</span> <span class='ocrx_word' id='word_1_90' title='bbox 1303 975 1531 1037; x_wconf 69' lang='grc' dir='ltr'>ἀπόβασιν</span> <span class='ocrx_word' id='word_1_91' title='bbox 1550 978 1627 1027; x_wconf 77' lang='grc' dir='ltr'>οὐκ</span> 
     </span>
     <span class='ocr_line' id='line_1_13' title="bbox 355 1049 1623 1121; baseline 0.002 -17.002"><span class='ocrx_word' id='word_1_92' title='bbox 355 1049 554 1116; x_wconf 65' lang='grc' dir='ltr'>ἔχουσαν.</span> <span class='ocrx_word' id='word_1_93' title='bbox 580 1049 642 1104; x_wconf 63' lang='grc' dir='ltr'>τέι</span> <span class='ocrx_word' id='word_1_94' title='bbox 660 1075 754 1121; x_wconf 73' lang='grc' dir='ltr'>γαρ</span> <span class='ocrx_word' id='word_1_95' title='bbox 782 1050 909 1113; x_wconf 72' lang='grc' dir='ltr'>αὐτης</span> <span class='ocrx_word' id='word_1_96' title='bbox 933 1076 1004 1113; x_wconf 85' lang='grc' dir='ltr'>της</span> <span class='ocrx_word' id='word_1_97' title='bbox 1028 1050 1208 1109; x_wconf 78' lang='grc' dir='ltr'>Πύλου,</span> <span class='ocrx_word' id='word_1_98' title='bbox 1237 1049 1316 1115; x_wconf 76' lang='grc' dir='ltr'>εξω</span> <span class='ocrx_word' id='word_1_99' title='bbox 1335 1052 1406 1106; x_wconf 78' lang='grc' dir='ltr'>τοῧ</span> <span class='ocrx_word' id='word_1_100' title='bbox 1428 1049 1623 1107; x_wconf 71' lang='grc' dir='ltr'>ἴσπλου,</span> 
     </span>
     <span class='ocr_line' id='line_1_14' title="bbox 357 1123 1626 1202; baseline -0.002 -21"><span class='ocrx_word' id='word_1_101' title='bbox 357 1142 459 1200; x_wconf 71' lang='grc' dir='ltr'>πρὸς</span> <span class='ocrx_word' id='word_1_102' title='bbox 470 1153 514 1180; x_wconf 85' lang='grc' dir='ltr'>το</span> <span class='ocrx_word' id='word_1_103' title='bbox 528 1126 734 1195; x_wconf 63' lang='grc' dir='ltr'>πέλαγος</span> <span class='ocrx_word' id='word_1_104' title='bbox 749 1134 942 1200; x_wconf 68' lang='grc' dir='ltr'>ἀλίμενα</span> <span class='ocrx_word' id='word_1_105' title='bbox 958 1127 1056 1181; x_wconf 63' lang='lat' dir='ltr'>&amp;vm</span> <span class='ocrx_word' id='word_1_106' title='bbox 1065 1166 1077 1184; x_wconf 88' lang='lat'>,</span> <span class='ocrx_word' id='word_1_107' title='bbox 1099 1133 1182 1192; x_wconf 81' lang='grc' dir='ltr'>οὐχ</span> <span class='ocrx_word' id='word_1_108' title='bbox 1194 1123 1292 1192; x_wconf 76' lang='grc' dir='ltr'>εξειν</span> <span class='ocrx_word' id='word_1_109' title='bbox 1305 1127 1415 1181; x_wconf 66' lang='grc' dir='ltr'>ὅθεν</span> <span class='ocrx_word' id='word_1_110' title='bbox 1398 1149 1626 1202; x_wconf 78' lang='grc' dir='ltr'>ορμωμενοι</span> 
     </span>
     <span class='ocr_line' id='line_1_15' title="bbox 353 1197 1625 1276; baseline -0.002 -18"><span class='ocrx_word' id='word_1_111' title='bbox 353 1204 634 1270; x_wconf 67' lang='grc' dir='ltr'>ὠφελήσουσι</span> <span class='ocrx_word' id='word_1_112' title='bbox 652 1230 744 1265; x_wconf 83' lang='grc' dir='ltr'>τους</span> <span class='ocrx_word' id='word_1_113' title='bbox 771 1204 921 1258; x_wconf 73' lang='grc' dir='ltr'>αὑτων.</span> <span class='ocrx_word' id='word_1_114' title='bbox 951 1208 1080 1267; x_wconf 68' lang='grc' dir='ltr'>σφεις</span> <span class='ocrx_word' id='word_1_115' title='bbox 1103 1197 1221 1260; x_wconf 59' lang='lat' dir='ltr'>‹9ss</span> <span class='ocrx_word' id='word_1_116' title='bbox 1189 1227 1284 1258; x_wconf 80' lang='grc' dir='ltr'>οινευ</span> <span class='ocrx_word' id='word_1_117' title='bbox 1303 1227 1348 1258; x_wconf 81' lang='grc' dir='ltr'>τε</span> <span class='ocrx_word' id='word_1_118' title='bbox 1367 1209 1625 1276; x_wconf 64' lang='grc' dir='ltr'>ναυμαχίαις</span> 
     </span>
    </p>
   </div>
   <div class='ocr_carea' id='block_1_6' title="bbox 346 1359 1624 2117">
    <p class='ocr_par' dir='ltr' id='par_1_6' title="bbox 346 1359 1624 2117">
     <span class='ocr_line' id='line_1_16' title="bbox 353 1359 1624 1417; baseline -0.001 -16"><span class='ocrx_word' id='word_1_119' title='bbox 353 1370 438 1401; x_wconf 86' lang='lat' dir='ltr'>tum</span> <span class='ocrx_word' id='word_1_120' title='bbox 459 1361 661 1416; x_wconf 56' lang='lat' dir='ltr'>porrecki,</span> <span class='ocrx_word' id='word_1_121' title='bbox 685 1360 728 1403; x_wconf 86' lang='lat'>&amp;</span> <span class='ocrx_word' id='word_1_122' title='bbox 749 1374 876 1417; x_wconf 85' lang='lat' dir='ltr'>prope</span> <span class='ocrx_word' id='word_1_123' title='bbox 896 1362 1094 1410; x_wconf 82' lang='lat' dir='ltr'>adiacens,</span> <span class='ocrx_word' id='word_1_124' title='bbox 1117 1360 1233 1402; x_wconf 86' lang='lat' dir='ltr'>efficit</span> <span class='ocrx_word' id='word_1_125' title='bbox 1251 1359 1293 1400; x_wconf 81' lang='grc' dir='ltr'>δι</span> <span class='ocrx_word' id='word_1_126' title='bbox 1314 1370 1473 1414; x_wconf 87' lang='lat' dir='ltr'>portum</span> <span class='ocrx_word' id='word_1_127' title='bbox 1494 1368 1624 1400; x_wconf 87' lang='lat' dir='ltr'>tutum</span> 
     </span>
     <span class='ocr_line' id='line_1_17' title="bbox 351 1430 1622 1487; baseline -0.001 -16"><span class='ocrx_word' id='word_1_128' title='bbox 351 1433 395 1472; x_wconf 87' lang='lat'>&amp;</span> <span class='ocrx_word' id='word_1_129' title='bbox 423 1432 604 1473; x_wconf 86' lang='lat' dir='ltr'>introitus</span> <span class='ocrx_word' id='word_1_130' title='bbox 633 1432 836 1487; x_wconf 87' lang='lat' dir='ltr'>angustos:</span> <span class='ocrx_word' id='word_1_131' title='bbox 870 1443 914 1474; x_wconf 93' lang='lat' dir='ltr'>ut</span> <span class='ocrx_word' id='word_1_132' title='bbox 941 1433 1013 1474; x_wconf 86' lang='lat' dir='ltr'>hac</span> <span class='ocrx_word' id='word_1_133' title='bbox 1039 1432 1218 1486; x_wconf 89' lang='lat' dir='ltr'>quidem,</span> <span class='ocrx_word' id='word_1_134' title='bbox 1237 1443 1317 1486; x_wconf 89' lang='lat' dir='ltr'>qua</span> <span class='ocrx_word' id='word_1_135' title='bbox 1339 1430 1388 1471; x_wconf 87' lang='lat' dir='ltr'>ad</span> <span class='ocrx_word' id='word_1_136' title='bbox 1407 1430 1622 1471; x_wconf 87' lang='lat' dir='ltr'>Athenien-</span> 
     </span>
     <span class='ocr_line' id='line_1_18' title="bbox 349 1500 1624 1558; baseline 0.002 -18"><span class='ocrx_word' id='word_1_137' title='bbox 349 1500 448 1541; x_wconf 82' lang='lat' dir='ltr'>fium</span> <span class='ocrx_word' id='word_1_138' title='bbox 473 1502 729 1543; x_wconf 86' lang='lat' dir='ltr'>munitionem</span> <span class='ocrx_word' id='word_1_139' title='bbox 752 1503 794 1543; x_wconf 77' lang='grc' dir='ltr'>δι</span> <span class='ocrx_word' id='word_1_140' title='bbox 806 1502 950 1556; x_wconf 88' lang='lat' dir='ltr'>Pylum</span> <span class='ocrx_word' id='word_1_141' title='bbox 966 1503 1118 1558; x_wconf 73' lang='lat' dir='ltr'>vergit,</span> <span class='ocrx_word' id='word_1_142' title='bbox 1135 1503 1224 1543; x_wconf 85' lang='lat' dir='ltr'>bina</span> <span class='ocrx_word' id='word_1_143' title='bbox 1244 1502 1401 1556; x_wconf 85' lang='lat' dir='ltr'>navigia</span> <span class='ocrx_word' id='word_1_144' title='bbox 1412 1516 1426 1551; x_wconf 82' lang='lat'>3</span> <span class='ocrx_word' id='word_1_145' title='bbox 1448 1501 1535 1543; x_wconf 87' lang='lat' dir='ltr'>illac</span> <span class='ocrx_word' id='word_1_146' title='bbox 1552 1514 1624 1543; x_wconf 90' lang='lat' dir='ltr'>ve·</span> 
     </span>
     <span class='ocr_line' id='line_1_19' title="bbox 349 1570 1622 1626; baseline 0.001 -17"><span class='ocrx_word' id='word_1_147' title='bbox 349 1582 420 1619; x_wconf 86' lang='lat' dir='ltr'>ro,</span> <span class='ocrx_word' id='word_1_148' title='bbox 443 1583 523 1624; x_wconf 87' lang='lat' dir='ltr'>qua</span> <span class='ocrx_word' id='word_1_149' title='bbox 545 1571 671 1625; x_wconf 87' lang='lat' dir='ltr'>vergit</span> <span class='ocrx_word' id='word_1_150' title='bbox 690 1571 738 1612; x_wconf 85' lang='lat' dir='ltr'>ad</span> <span class='ocrx_word' id='word_1_151' title='bbox 760 1571 950 1626; x_wconf 89' lang='lat' dir='ltr'>reliquam</span> <span class='ocrx_word' id='word_1_152' title='bbox 973 1571 1236 1612; x_wconf 81' lang='lat' dir='ltr'>continentem</span> <span class='ocrx_word' id='word_1_153' title='bbox 1250 1601 1262 1619; x_wconf 96' lang='lat'><strong>‚</strong></span> <span class='ocrx_word' id='word_1_154' title='bbox 1282 1570 1429 1612; x_wconf 65' lang='lat' dir='ltr'>octona</span> <span class='ocrx_word' id='word_1_155' title='bbox 1445 1581 1622 1612; x_wconf 82' lang='lat' dir='ltr'>novena-</span> 
     </span>
     <span class='ocr_line' id='line_1_20' title="bbox 349 1638 1623 1696; baseline 0 -16"><span class='ocrx_word' id='word_1_156' title='bbox 349 1654 428 1694; x_wconf 84' lang='lat' dir='ltr'>que</span> <span class='ocrx_word' id='word_1_157' title='bbox 452 1639 646 1682; x_wconf 89' lang='lat' dir='ltr'>frontibus</span> <span class='ocrx_word' id='word_1_158' title='bbox 669 1642 844 1696; x_wconf 84' lang='lat' dir='ltr'>aequatis</span> <span class='ocrx_word' id='word_1_159' title='bbox 871 1641 983 1682; x_wconf 87' lang='lat' dir='ltr'>fimul</span> <span class='ocrx_word' id='word_1_160' title='bbox 1005 1640 1166 1682; x_wconf 81' lang='lat' dir='ltr'>tranfire</span> <span class='ocrx_word' id='word_1_161' title='bbox 1191 1640 1345 1695; x_wconf 89' lang='lat' dir='ltr'>poffint.</span> <span class='ocrx_word' id='word_1_162' title='bbox 1374 1651 1537 1694; x_wconf 85' lang='lat' dir='ltr'>totaque</span> <span class='ocrx_word' id='word_1_163' title='bbox 1559 1638 1623 1680; x_wconf 75' lang='lat' dir='ltr'>sil-</span> 
     </span>
     <span class='ocr_line' id='line_1_21' title="bbox 349 1709 1623 1767; baseline -0.002 -14"><span class='ocrx_word' id='word_1_164' title='bbox 349 1711 506 1761; x_wconf 85' lang='lat' dir='ltr'>vestris,</span> <span class='ocrx_word' id='word_1_165' title='bbox 531 1712 575 1752; x_wconf 84' lang='lat'>&amp;</span> <span class='ocrx_word' id='word_1_166' title='bbox 594 1724 753 1767; x_wconf 88' lang='lat' dir='ltr'>propter</span> <span class='ocrx_word' id='word_1_167' title='bbox 775 1712 1016 1753; x_wconf 84' lang='lat' dir='ltr'>solitudinem</span> <span class='ocrx_word' id='word_1_168' title='bbox 1042 1712 1172 1761; x_wconf 88' lang='lat' dir='ltr'>invia,</span> <span class='ocrx_word' id='word_1_169' title='bbox 1196 1713 1239 1752; x_wconf 86' lang='lat'>&amp;</span> <span class='ocrx_word' id='word_1_170' title='bbox 1259 1711 1476 1765; x_wconf 89' lang='lat' dir='ltr'>quindecim</span> <span class='ocrx_word' id='word_1_171' title='bbox 1498 1709 1623 1751; x_wconf 83' lang='lat' dir='ltr'>ferme</span> 
     </span>
     <span class='ocr_line' id='line_1_22' title="bbox 349 1781 1623 1838; baseline -0.001 -15"><span class='ocrx_word' id='word_1_172' title='bbox 349 1782 560 1825; x_wconf 85' lang='lat' dir='ltr'>stadiorum</span> <span class='ocrx_word' id='word_1_173' title='bbox 592 1785 855 1838; x_wconf 82' lang='lat' dir='ltr'>magnitudine</span> <span class='ocrx_word' id='word_1_174' title='bbox 882 1794 976 1824; x_wconf 83' lang='lat' dir='ltr'>erat.</span> <span class='ocrx_word' id='word_1_175' title='bbox 1012 1783 1154 1824; x_wconf 91' lang='lat' dir='ltr'>Portus</span> <span class='ocrx_word' id='word_1_176' title='bbox 1188 1782 1303 1836; x_wconf 85' lang='lat' dir='ltr'>igitur</span> <span class='ocrx_word' id='word_1_177' title='bbox 1328 1781 1424 1823; x_wconf 87' lang='lat' dir='ltr'>ostia</span> <span class='ocrx_word' id='word_1_178' title='bbox 1451 1782 1623 1823; x_wconf 77' lang='lat' dir='ltr'>navibus</span> 
     </span>
     <span class='ocr_line' id='line_1_23' title="bbox 349 1852 1622 1910; baseline -0.002 -15"><span class='ocrx_word' id='word_1_179' title='bbox 349 1853 556 1895; x_wconf 82' lang='lat' dir='ltr'>confertim</span> <span class='ocrx_word' id='word_1_180' title='bbox 582 1854 806 1904; x_wconf 83' lang='lat' dir='ltr'>collocatis,</span> <span class='ocrx_word' id='word_1_181' title='bbox 825 1856 879 1896; x_wconf 82' lang='lat' dir='ltr'>ita</span> <span class='ocrx_word' id='word_1_182' title='bbox 903 1865 948 1896; x_wconf 93' lang='lat' dir='ltr'>ut</span> <span class='ocrx_word' id='word_1_183' title='bbox 972 1867 1108 1910; x_wconf 86' lang='lat' dir='ltr'>proras</span> <span class='ocrx_word' id='word_1_184' title='bbox 1135 1853 1257 1895; x_wconf 81' lang='lat' dir='ltr'>altum</span> <span class='ocrx_word' id='word_1_185' title='bbox 1277 1852 1412 1895; x_wconf 80' lang='lat' dir='ltr'>versus</span> <span class='ocrx_word' id='word_1_186' title='bbox 1434 1853 1478 1894; x_wconf 75' lang='grc' dir='ltr'>δι</span> <span class='ocrx_word' id='word_1_187' title='bbox 1499 1852 1622 1894; x_wconf 84' lang='lat' dir='ltr'>hosti-</span> 
     </span>
     <span class='ocr_line' id='line_1_24' title="bbox 347 1922 1622 1978; baseline 0.002 -15"><span class='ocrx_word' id='word_1_188' title='bbox 347 1922 426 1964; x_wconf 83' lang='lat' dir='ltr'>bus</span> <span class='ocrx_word' id='word_1_189' title='bbox 443 1922 620 1964; x_wconf 81' lang='lat' dir='ltr'>adversas</span> <span class='ocrx_word' id='word_1_190' title='bbox 637 1924 844 1975; x_wconf 84' lang='lat' dir='ltr'>haberent,</span> <span class='ocrx_word' id='word_1_191' title='bbox 869 1923 1067 1965; x_wconf 84' lang='lat' dir='ltr'>obstruere</span> <span class='ocrx_word' id='word_1_192' title='bbox 1086 1923 1306 1965; x_wconf 85' lang='lat' dir='ltr'>statuerant.</span> <span class='ocrx_word' id='word_1_193' title='bbox 1330 1925 1425 1978; x_wconf 90' lang='lat' dir='ltr'>quin</span> <span class='ocrx_word' id='word_1_194' title='bbox 1444 1924 1560 1964; x_wconf 84' lang='lat' dir='ltr'>etiam</span> <span class='ocrx_word' id='word_1_195' title='bbox 1580 1924 1622 1966; x_wconf 88' lang='lat' dir='ltr'>in</span> 
     </span>
     <span class='ocr_line' id='line_1_25' title="bbox 346 1992 1622 2048; baseline 0.002 -14"><span class='ocrx_word' id='word_1_196' title='bbox 346 1993 451 2035; x_wconf 81' lang='lat' dir='ltr'>hane</span> <span class='ocrx_word' id='word_1_197' title='bbox 474 1992 593 2048; x_wconf 86' lang='lat' dir='ltr'>ipsam</span> <span class='ocrx_word' id='word_1_198' title='bbox 616 1993 798 2043; x_wconf 87' lang='lat' dir='ltr'>insulam,</span> <span class='ocrx_word' id='word_1_199' title='bbox 829 1995 1027 2043; x_wconf 88' lang='lat' dir='ltr'>timentes,</span> <span class='ocrx_word' id='word_1_200' title='bbox 1047 2007 1096 2036; x_wconf 91' lang='lat' dir='ltr'>ne</span> <span class='ocrx_word' id='word_1_201' title='bbox 1121 2007 1170 2035; x_wconf 85' lang='lat' dir='ltr'>ex</span> <span class='ocrx_word' id='word_1_202' title='bbox 1186 2007 1231 2035; x_wconf 90' lang='lat' dir='ltr'>ea</span> <span class='ocrx_word' id='word_1_203' title='bbox 1253 1994 1397 2035; x_wconf 89' lang='lat' dir='ltr'>bellum</span> <span class='ocrx_word' id='word_1_204' title='bbox 1424 1993 1494 2034; x_wconf 85' lang='lat' dir='ltr'>fibi</span> <span class='ocrx_word' id='word_1_205' title='bbox 1518 1993 1622 2036; x_wconf 70' lang='lat' dir='ltr'>face-</span> 
     </span>
     <span class='ocr_line' id='line_1_26' title="bbox 347 2059 1619 2117; baseline 0 -15"><span class='ocrx_word' id='word_1_206' title='bbox 347 2072 455 2108; x_wconf 84' lang='lat' dir='ltr'>rent,</span> <span class='ocrx_word' id='word_1_207' title='bbox 488 2063 623 2117; x_wconf 85' lang='lat' dir='ltr'>gravis</span> <span class='ocrx_word' id='word_1_208' title='bbox 642 2073 859 2104; x_wconf 83' lang='lat' dir='ltr'>armaturae</span> <span class='ocrx_word' id='word_1_209' title='bbox 880 2061 1018 2102; x_wconf 85' lang='lat' dir='ltr'>milites</span> <span class='ocrx_word' id='word_1_210' title='bbox 1040 2059 1371 2114; x_wconf 80' lang='lat' dir='ltr'>transportatum,</span> <span class='ocrx_word' id='word_1_211' title='bbox 1394 2060 1438 2101; x_wconf 89' lang='lat'>&amp;</span> <span class='ocrx_word' id='word_1_212' title='bbox 1458 2060 1555 2102; x_wconf 84' lang='lat' dir='ltr'>alios</span> <span class='ocrx_word' id='word_1_213' title='bbox 1576 2061 1619 2102; x_wconf 81' lang='lat' dir='ltr'>in</span> 
     </span>
    </p>
   </div>
   <div class='ocr_carea' id='block_1_7' title="bbox 344 2122 1622 2543">
    <p class='ocr_par' dir='ltr' id='par_1_7' title="bbox 344 2122 1622 2543">
     <span class='ocr_line' id='line_1_27' title="bbox 346 2122 1621 2187; baseline 0 -13"><span class='ocrx_word' id='word_1_214' title='bbox 346 2134 570 2174; x_wconf 86' lang='lat' dir='ltr'>continente</span> <span class='ocrx_word' id='word_1_215' title='bbox 586 2133 840 2174; x_wconf 82' lang='lat' dir='ltr'>collocarunt.</span> <span class='ocrx_word' id='word_1_216' title='bbox 857 2133 916 2173; x_wconf 85' lang='lat' dir='ltr'>Ita</span> <span class='ocrx_word' id='word_1_217' title='bbox 933 2133 1039 2173; x_wconf 90' lang='lat' dir='ltr'>enim</span> <span class='ocrx_word' id='word_1_218' title='bbox 1058 2131 1326 2173; x_wconf 85' lang='lat' dir='ltr'>existimabant</span> <span class='ocrx_word' id='word_1_219' title='bbox 1336 2163 1348 2182; x_wconf 93' lang='lat'><strong>‚</strong></span> <span class='ocrx_word' id='word_1_220' title='bbox 1365 2132 1408 2173; x_wconf 87' lang='lat'>&amp;</span> <span class='ocrx_word' id='word_1_221' title='bbox 1423 2122 1544 2187; x_wconf 69' lang='lat' dir='ltr'>ip‘sam</span> <span class='ocrx_word' id='word_1_222' title='bbox 1561 2133 1621 2174; x_wconf 86' lang='lat' dir='ltr'>in·</span> 
     </span>
     <span class='ocr_line' id='line_1_28' title="bbox 344 2200 1622 2256; baseline 0.002 -14"><span class='ocrx_word' id='word_1_223' title='bbox 344 2201 469 2243; x_wconf 83' lang='lat' dir='ltr'>sulam</span> <span class='ocrx_word' id='word_1_224' title='bbox 489 2201 792 2244; x_wconf 76' lang='lat' dir='ltr'>Atheniensibus</span> <span class='ocrx_word' id='word_1_225' title='bbox 819 2201 968 2243; x_wconf 90' lang='lat' dir='ltr'>hostem</span> <span class='ocrx_word' id='word_1_226' title='bbox 992 2200 1099 2252; x_wconf 89' lang='lat' dir='ltr'>fore,</span> <span class='ocrx_word' id='word_1_227' title='bbox 1128 2212 1246 2256; x_wconf 81' lang='lat' dir='ltr'>atque</span> <span class='ocrx_word' id='word_1_228' title='bbox 1269 2202 1385 2243; x_wconf 88' lang='lat' dir='ltr'>etiam</span> <span class='ocrx_word' id='word_1_229' title='bbox 1413 2202 1622 2246; x_wconf 62' lang='lat' dir='ltr'>confinem.</span> 
     </span>
     <span class='ocr_line' id='line_1_29' title="bbox 347 2270 1620 2328; baseline -0.002 -14"><span class='ocrx_word' id='word_1_230' title='bbox 347 2284 452 2323; x_wconf 85' lang='lat' dir='ltr'>tem,</span> <span class='ocrx_word' id='word_1_231' title='bbox 474 2284 615 2328; x_wconf 86' lang='lat' dir='ltr'>utpote</span> <span class='ocrx_word' id='word_1_232' title='bbox 633 2286 735 2327; x_wconf 86' lang='lat' dir='ltr'>quae</span> <span class='ocrx_word' id='word_1_233' title='bbox 755 2272 904 2313; x_wconf 92' lang='lat' dir='ltr'>nullum</span> <span class='ocrx_word' id='word_1_234' title='bbox 930 2272 1088 2313; x_wconf 86' lang='lat' dir='ltr'>haberet</span> <span class='ocrx_word' id='word_1_235' title='bbox 1109 2272 1242 2313; x_wconf 90' lang='lat' dir='ltr'>locum</span> <span class='ocrx_word' id='word_1_236' title='bbox 1256 2300 1269 2321; x_wconf 89' lang='lat'>‚</span> <span class='ocrx_word' id='word_1_237' title='bbox 1292 2272 1333 2312; x_wconf 91' lang='lat' dir='ltr'>in</span> <span class='ocrx_word' id='word_1_238' title='bbox 1353 2283 1472 2326; x_wconf 90' lang='lat' dir='ltr'>quem</span> <span class='ocrx_word' id='word_1_239' title='bbox 1494 2270 1620 2312; x_wconf 89' lang='lat' dir='ltr'>Athe-</span> 
     </span>
     <span class='ocr_line' id='line_1_30' title="bbox 346 2341 1619 2396; baseline -0.003 -9"><span class='ocrx_word' id='word_1_240' title='bbox 346 2345 496 2387; x_wconf 82' lang='lat' dir='ltr'>nienses</span> <span class='ocrx_word' id='word_1_241' title='bbox 523 2358 547 2386; x_wconf 88' lang='lat' dir='ltr'>e</span> <span class='ocrx_word' id='word_1_242' title='bbox 569 2345 740 2387; x_wconf 86' lang='lat' dir='ltr'>navibus</span> <span class='ocrx_word' id='word_1_243' title='bbox 771 2343 995 2386; x_wconf 84' lang='lat' dir='ltr'>exscensum</span> <span class='ocrx_word' id='word_1_244' title='bbox 1024 2343 1208 2385; x_wconf 87' lang='lat' dir='ltr'>facerent.</span> <span class='ocrx_word' id='word_1_245' title='bbox 1241 2344 1344 2384; x_wconf 82' lang='lat' dir='ltr'>Nam</span> <span class='ocrx_word' id='word_1_246' title='bbox 1372 2342 1476 2383; x_wconf 89' lang='lat' dir='ltr'>illam</span> <span class='ocrx_word' id='word_1_247' title='bbox 1500 2341 1619 2396; x_wconf 75' lang='lat' dir='ltr'>ipsius</span> 
     </span>
     <span class='ocr_line' id='line_1_31' title="bbox 345 2411 1619 2471; baseline -0.002 -14"><span class='ocrx_word' id='word_1_248' title='bbox 345 2415 435 2469; x_wconf 78' lang='lat' dir='ltr'>Pyli</span> <span class='ocrx_word' id='word_1_249' title='bbox 455 2429 588 2466; x_wconf 86' lang='lat' dir='ltr'>oram,</span> <span class='ocrx_word' id='word_1_250' title='bbox 609 2428 712 2470; x_wconf 86' lang='lat' dir='ltr'>quae</span> <span class='ocrx_word' id='word_1_251' title='bbox 732 2426 843 2456; x_wconf 85' lang='lat' dir='ltr'>extra</span> <span class='ocrx_word' id='word_1_252' title='bbox 860 2425 999 2471; x_wconf 85' lang='lat' dir='ltr'>portus</span> <span class='ocrx_word' id='word_1_253' title='bbox 1019 2414 1158 2456; x_wconf 86' lang='lat' dir='ltr'>ostium</span> <span class='ocrx_word' id='word_1_254' title='bbox 1181 2425 1285 2464; x_wconf 83' lang='lat' dir='ltr'>erat,</span> <span class='ocrx_word' id='word_1_255' title='bbox 1307 2414 1348 2454; x_wconf 88' lang='lat'>&amp;</span> <span class='ocrx_word' id='word_1_256' title='bbox 1369 2426 1471 2468; x_wconf 87' lang='lat' dir='ltr'>quae</span> <span class='ocrx_word' id='word_1_257' title='bbox 1494 2411 1619 2454; x_wconf 83' lang='lat' dir='ltr'>altum</span> 
     </span>
     <span class='ocr_line' id='line_1_32' title="bbox 346 2483 1620 2543; baseline -0.003 -15"><span class='ocrx_word' id='word_1_258' title='bbox 346 2485 561 2543; x_wconf 66' lang='lat' dir='ltr'>spectabat,</span> <span class='ocrx_word' id='word_1_259' title='bbox 577 2486 687 2542; x_wconf 88' lang='lat' dir='ltr'>quod</span> <span class='ocrx_word' id='word_1_260' title='bbox 704 2485 796 2528; x_wconf 78' lang='lat' dir='ltr'>esset</span> <span class='ocrx_word' id='word_1_261' title='bbox 809 2485 1069 2542; x_wconf 86' lang='lat' dir='ltr'>importuosa,</span> <span class='ocrx_word' id='word_1_262' title='bbox 1086 2483 1252 2528; x_wconf 83' lang='lat' dir='ltr'>sciebant</span> <span class='ocrx_word' id='word_1_263' title='bbox 1273 2496 1355 2526; x_wconf 90' lang='lat' dir='ltr'>non</span> <span class='ocrx_word' id='word_1_264' title='bbox 1377 2483 1620 2534; x_wconf 83' lang='lat' dir='ltr'>habituram,</span> 
     </span>
    </p>
   </div>
  </div>
 </body>
</html>
