1728 3120
371 137 460 209 ,β
566 141 1439 198 ANNOTATIONES

364 226 581 283 βούλονται,
611 232 640 273 ἃ
660 234 934 288 προκαλεῖται,
957 234 1154 276 Ἀθηναίοις
1187 236 1360 279 κοινῶσαι
1387 239 1538 293 πρῶτον.
1558 241 1633 293 IV,
1717 247 1728 289 ‘⁴

369 298 440 325 20:
458 286 584 338 Ὕμῖις
605 287 653 327 ἑὲ
670 287 881 343 στερηθῆναι
902 285 949 330 ἕῖἷν
975 288 1034 330 νῦν
1055 292 1357 344 προκαλούμεθα.
1376 293 1425 333 Et
1450 295 1537 336 ibid.
1563 311 1634 336 22:

368 337 469 380 Οὔτε
489 341 574 382 τοὺς
596 342 800 384 Ἀθηναίους
825 342 890 384 ἐπὶ
909 343 1068 397 μετρίοις
1086 341 1316 386 ποιῆσοντοις
1333 345 1362 386 ἃ
1383 345 1634 402 προύκαλοῦν-

367 402 426 432 το.
454 394 729 450 Aristophanes
753 410 914 451 quoque
935 397 1065 465 Eguit.
1094 411 1136 439 v.
1156 411 1258 450 792:
1278 402 1355 441 Τὲις
1377 402 1577 455 πρεσβείαις
1594 404 1632 444 τ’

369 447 599 490 ἀπελαύνεις
626 450 668 491 ἐκ,
695 448 766 492 τῆς
795 452 941 492 πόλεως
967 451 1254 506 ροιθοιπυγίζων,
1278 453 1323 494 αἱ
1354 458 1429 496 τὰς
1461 458 1633 499 σπονδὰς

367 501 662 555 προκαλοῦνται.
681 505 773 546 Hoc
793 505 1045 558 Thucydides
1063 505 1140 553 IV,
1171 520 1239 560 19,
1262 521 1354 569 cuni
1378 511 1634 576 praepositio·
1720 499 1723 501 ’

369 568 420 596 ne
440 557 493 597 εἰς
517 557 627 598 dicit:
651 558 941 610 Λακεδαιμόνιοι
963 559 1010 600 ἑὲ
1034 556 1136 611 ὑμᾶς
1163 574 1438 615 προκαλουντοιι
1463 579 1501 605 ες
1522 580 1633 607 σπον-

369 609 465 655 ἒέιςε
490 624 590 704 :guae
616 612 657 652 δι
679 612 782 653 τεὲὶε
802 611 965 667 suppleri
992 612 1140 667 potest,
1163 627 1254 655 cum
1275 629 1358 657 non
1381 618 1635 672 exprimitur3

368 664 435 704 vel
457 664 508 704 ἐπ
534 695 546 714 ,
564 676 609 706 ut
631 665 716 706 infr.
738 679 823 721 cap.
846 682 920 722 43,
939 667 1022 707 Ἐπὶ
1042 667 1110 709 τὴν
1127 667 1362 725 ξυμμαχίαν
1375 675 1633 726 προκαλουμέ-

368 732 461 759 νους.
474 718 613 772 Itaque
626 733 708 761 non
724 721 997 762 admittendum
1011 721 1180 762 arbitror
1192 723 1486 774 παρακινοῦντες
1497 757 1510 774 ,
1524 729 1634 781 quod

369 785 507 827 margo
526 773 664 825 habet,
681 774 814 836 &Upro
834 775 943 815 varia
964 775 1131 817 leffione
1152 787 1314 818 annotat
1332 777 1568 822 Scholiastes.
1587 782 1634 822 In
1718 787 1719 790 ’

316 875 321 879 ,
367 826 470 867 Cod.
496 826 595 869 Cass'.
623 829 700 870 hoc
727 841 825 870 inter
847 828 980 870 versus
999 828 1200 880 scribitur,
1223 841 1270 872 ut
1291 831 1388 873 aliae
1411 835 1635 890 interpreta-

368 881 494 922 tiones
515 894 539 921 a
563 881 750 938 magistris
771 882 979 939 profefflie.

424 935 519 988 Pag.
545 937 634 991 265.
663 938 689 977 l.
720 949 753 990 5.
778 937 901 978 Κοινιῖς
924 937 1106 993 γνώμης)
1135 938 1195 979 Ex
1219 949 1405 993 perpetua
1431 939 1635 984 foederum
1712 956 1718 997 3'

368 987 549 1031 formula.
574 991 664 1032 Vid.
693 990 904 1044 Polybium
931 1006 971 1046 p.
998 1006 1101 1047 703,
1129 991 1314 1033 Nostrum
1336 995 1392 1044 V,
1414 1010 1488 1049 47,
1510 996 1636 1045 VIII,

374 1043 447 1093 18,
477 1058 551 1098 37,
581 1044 754 1099 Dionys.
775 1046 900 1086 Halic.
924 1045 1008 1097 VI,
1031 1058 1096 1101 95.
1120 1048 1268 1087 WAss.

424 1098 516 1150 Pag.
541 1101 631 1152 267.
656 1101 680 1141 l.
703 1114 740 1150 7.
768 1099 934 1142 Ἐὃέοντο
954 1123 1001 1132 -
1025 1099 1301 1156 παραδοῦναι)
1327 1102 1503 1145 Th0mas
1526 1105 1634 1160 Mag.
1712 1159 1713 1162 Ἰ

369 1151 410 1193 in
428 1152 636 1206 βούλομαι,
661 1154 729 1195 ubi
747 1155 1006 1195 emendandus
1029 1152 1082 1195 est
1101 1167 1288 1196 numerus
1309 1156 1410 1197 libri.

424 1207 517 1261 Pag.
545 1211 633 1260 269.
656 1209 680 1249 l.
704 1223 736 1248 1.
760 1208 979 1263 Διοιφόρων)
998 1208 1187 1262 Διαφορῶν
1206 1209 1268 1250 Cl.
1291 1208 1363 1250 Gr.
1379 1210 1463 1253 add.
1484 1210 1569 1253 infr.
1597 1226 1634 1255 c.
1712 1271 1713 1275 Ἰ

368 1273 433 1314 45,
451 1261 492 1301 δι
510 1261 562 1302 fic
577 1263 653 1304 alii.
667 1265 816 1304 WAss.
833 1263 1105 1303 Permutantur
1127 1262 1221 1304 haec
1239 1264 1356 1304 etiam
1378 1265 1452 1313 lv,
1476 1265 1541 1307 86.

422 1315 514 1368 Pag.
538 1330 627 1368 270,
655 1318 680 1357 l.
711 1331 745 1358 1.
766 1317 911 1372 Δίκης)
929 1316 1000 1359 Gr.
1024 1315 1092 1357 τῆς
1119 1316 1240 1359 ὃίκης.
1263 1317 1337 1359 Sed
1366 1317 1406 1359 in
1429 1319 1503 1360 hac
1531 1333 1634 1363 voce

367 1367 497 1410 noster
515 1368 595 1412 fere
616 1371 820 1412 articulum
844 1371 997 1426 respuit.
1016 1373 1166 1412 WAss.
1708 1382 1709 1387 ’

421 1426 496 1464 ead.
518 1425 541 1465 l.
564 1439 599 1479 3.
619 1421 802 1481 Ἀνθῆνιιν)
823 1426 881 1466 Ita
897 1425 1016 1466 nostri
1035 1425 1077 1466 δι
1089 1426 1153 1466 Ha
1199 1426 1389 1468 ocration.
1405 1426 1528 1469 Plinio
1546 1430 1635 1469 An-

367 1477 498 1525 thane,
516 1478 652 1521 Solino
674 1481 824 1521 Anthia.
844 1494 886 1521 v.
904 1480 1074 1520 Homer:
1099 1479 1143 1521 ΙΙ.
1189 1511 1202 1531 ,
1226 1493 1322 1534 150,
1343 1483 1386 1523 δι
1408 1482 1634 1523 Salmafium

367 1531 416 1571 ad
434 1532 553 1574 Solin.
609 1563 621 1574 .
642 1534 704 1589 98.
726 1534 787 1576 Cl.
803 1535 844 1575 in
865 1547 985 1588 marg.
1010 1533 1190 1588 Θυραίειν.
1210 1534 1283 1574 Sed
1304 1534 1370 1576 Ste
1397 1535 1434 1577 h.
1455 1537 1636 1578 Herodo-

366 1595 457 1635 tus,
478 1587 541 1627 alii
561 1548 610 1628 αἱ
631 1589 742 1629 editis
757 1589 866 1630 stant.
888 1589 986 1629 Dixi
1008 1587 1136 1642 supra.
1154 1587 1321 1643 Respicit
1337 1603 1362 1630 a
1400 1589 1504 1632 hunc
1520 1590 1637 1632 Thu-

366 1641 520 1692 cydidis
544 1641 678 1683 locum
701 1643 842 1684 Strabo
865 1643 901 1683 V
907 1642 988 1690 III,
1013 1642 1102 1697 376.
1123 1644 1271 1685 WASS.
1292 1644 1394 1685 Vide
1415 1643 1532 1700 supra
1555 1644 1638 1693 lv,

371 1695 444 1748 56,
470 1696 511 1736 δι
532 1696 751 1739 Brodaeum
773 1698 812 1738 II
835 1697 1043 1738 Miscellan.
1075 1710 1089 1736 1
1103 1710 1134 1737 1.

422 1753 496 1789 ead.
520 1751 545 1789 l.
575 1765 633 1792 10.
658 1750 1061 1806 Προσκάλεσοιμένοις)
1084 1750 1238 1792 Volunt
1256 1751 1298 1793 δι
1321 1750 1414 1801 fibi,
1440 1753 1484 1794 &
1505 1752 1638 1794 Lace-

365 1801 578 1845 daemoniis
594 1806 757 1847 liberum
779 1806 942 1861 relinqui
962 1807 1063 1846 inter
1076 1803 1114 1845 se
1130 1805 1272 1846 bellum
1291 1806 1339 1846 de
1357 1805 1556 1860 Cynuria;
1581 1807 1636 1847 ita

365 1867 518 1906 tamen,
531 1871 579 1899 ne
593 1859 696 1901 bello
713 1871 981 1915 provocentur
992 1890 1007 1908 ,
1027 1859 1057 1899 fi
1074 1859 1214 1900 morbo
1232 1860 1298 1902 vel
1316 1860 1422 1901 bello
1441 1872 1533 1901 cum
1550 1860 1636 1902 aliis
1705 1887 1706 1890 =

364 1911 540 1965 impliciti
562 1913 647 1954 sint.
667 1916 749 1955 Hic-
765 1928 816 1955 an
840 1913 953 1969 poffit
971 1914 1112 1954 habere
1131 1913 1264 1955 locum
1285 1915 1450 1955 verbum
1464 1929 1634 1968 προσκοι-

364 1965 543 2016 λεῖσῧιιι,
570 1968 667 2008 mihi
698 1981 781 2009 non
807 1969 927 2023 liquet
942 1999 957 2016 ,
988 1980 1034 2009 ac
1058 1967 1170 2021 plane
1198 1969 1334 2009 melius
1360 1978 1459 2022 puto
1474 1999 1490 2016 ‚
1522 1969 1631 2023 quod

363 2019 506 2061 habent
527 2023 684 2075 quidam
703 2036 783 2063 non
800 2022 1070 2064 contemnendi
1084 2021 1170 2063 Mff.
1182 2038 1215 2063 π
1233 2022 1508 2075 πωλουμένοις.
1526 2023 1631 2063 Nam

364 2077 646 2126 προκαλεῖσθαι
671 2077 718 2117 de
749 2077 821 2118 hac
840 2090 883 2117 re
913 2077 988 2117 dici
1017 2076 1151 2117 notius
1180 2090 1203 2117 e
1247 2106 1258 2123 ,
1289 2089 1406 2130 quam
1429 2087 1474 2118 ut
1503 2077 1634 2118 multis
1704 2107 1706 2109 -

365 2127 513 2169 ostendi
538 2130 685 2171 debeat.
712 2131 785 2172 Sed
807 2131 898 2172 alibi
915 2143 1078 2185 quoque
1102 2130 1198 2171 haee
1217 2130 1329 2185 saepe
1351 2141 1632 2185 permutantur.

366 2182 460 2223 Vid.
485 2182 597 2239 supra
622 2184 702 2234 ΙΙΙ,
728 2200 802 2240 34,
820 2186 863 2226 δι
885 2198 987 2240 quae
1009 2185 1083 2227 viri
1104 2184 1306 2228 doffiffimi
1323 2195 1561 2226 annotarunt
1579 2184 1629 2226 ad

367 2236 528 2278 Lucian.
548 2238 653 2279 Dial.
677 2238 801 2280 Deor.
820 2252 905 2294 pag.
929 2238 1017 2294 198.

424 2292 516 2343 Pag.
546 2307 634 2345 ²71·
662 2294 685 2333 l.
712 2309 747 2334 2.
769 2293 953 2346 Πάντως)
977 2291 1096 2334 Deest
1123 2291 1194 2334 Gr.
1222 2291 1334 2333 male.
1359 2291 1419 2332 Ita
1438 2291 1633 2333 Aristote-
1696 2338 1699 2342 ¹

365 2344 421 2386 les
434 2376 446 2395 ‚
468 2345 578 2388 Plato
592 2378 606 2395 ,
626 2347 862 2402 Xenophon.
885 2347 999 2388 Haud
1019 2347 1109 2386 alibi
1125 2356 1256 2387 tamen
1278 2345 1428 2396 noster3
1448 2345 1510 2387 sed
1530 2347 1632 2389 πάν
1687 2388 1690 2391 ⁴

365 2413 436 2451 τῃ,
460 2401 719 2449 παντάπασι,
744 2403 861 2443 παντὶ
886 2401 1023 2454 τρόπῳ.
1047 2402 1196 2442 ΨΑεδ.
1693 2403 1696 2407 ’

421 2455 513 2508 Pag.
542 2469 631 2509 272.
657 2456 683 2497 l.
709 2469 742 2502 ι.
767 2454 870 2509 Κοινξῖ
889 2453 1203 2510 νέμειν)ΑΡεηε
1227 2453 1417 2509 distinguit
1444 2454 1563 2508 νέμειν
1589 2455 1633 2496 &-
1696 2459 1728 2498 ζ’·
