<?xml version="1.0" encoding="UTF-8"?>
<!DOCTYPE html PUBLIC "-//W3C//DTD XHTML 1.0 Transitional//EN"
    "http://www.w3.org/TR/xhtml1/DTD/xhtml1-transitional.dtd">
<html xmlns="http://www.w3.org/1999/xhtml" xml:lang="en" lang="en">
 <head>
  <title>
</title>
<meta http-equiv="Content-Type" content="text/html;charset=utf-8" />
  <meta name='ocr-system' content='tesseract 3.04.00' />
  <meta name='ocr-capabilities' content='ocr_page ocr_carea ocr_par ocr_line ocrx_word'/>
</head>
<body>
  <div class='ocr_page' id='page_1' title='image "./debellopeloponn03thucuoft_0216.png"; bbox 0 0 1728 3120; ppageno 0'>
   <div class='ocr_carea' id='block_1_1' title="bbox 341 183 1319 237">
    <p class='ocr_par' dir='ltr' id='par_1_1' title="bbox 341 183 1319 237">
     <span class='ocr_line' id='line_1_1' title="bbox 341 183 1319 237; baseline 0.001 -2"><span class='ocrx_word' id='word_1_1' title='bbox 341 186 438 235; x_wconf 83' lang='lat'>206</span> <span class='ocrx_word' id='word_1_2' title='bbox 630 183 1319 237; x_wconf 82' lang='lat' dir='ltr'>THUCYDIDIS</span> 
     </span>
    </p>
   </div>
   <div class='ocr_carea' id='block_1_2' title="bbox 130 277 1613 1356">
    <p class='ocr_par' dir='ltr' id='par_1_2' title="bbox 340 277 1613 435">
     <span class='ocr_line' id='line_1_2' title="bbox 340 277 1613 379; baseline 0.007 -44.071"><span class='ocrx_word' id='word_1_3' title='bbox 340 277 684 378; x_wconf 73' lang='grc' dir='ltr'>Ἀτραμῦττειον,</span> <span class='ocrx_word' id='word_1_4' title='bbox 713 284 1008 379; x_wconf 56' lang='grc' dir='ltr'>Φαβνοὶκους</span> <span class='ocrx_word' id='word_1_5' title='bbox 990 284 1123 344; x_wconf 60' lang='grc' dir='ltr'>δοντος</span> <span class='ocrx_word' id='word_1_6' title='bbox 1150 288 1312 345; x_wconf 76' lang='grc' dir='ltr'>αὐτοῖς,</span> <span class='ocrx_word' id='word_1_7' title='bbox 1340 287 1376 339; x_wconf 78' lang='grc' dir='ltr'>ἒν</span> <span class='ocrx_word' id='word_1_8' title='bbox 1400 289 1452 353; x_wconf 67' lang='grc' dir='ltr'>τῖί</span> <span class='ocrx_word' id='word_1_9' title='bbox 1475 290 1613 344; x_wconf 83' lang='grc' dir='ltr'>Ἀσ-ία</span> 
     </span>
     <span class='ocr_line' id='line_1_3' title="bbox 340 351 1152 453; baseline 0.004 -41"><span class='ocrx_word' id='word_1_10' title='bbox 340 351 536 453; x_wconf 71' lang='grc' dir='ltr'>ᾤκησαν,</span> <span class='ocrx_word' id='word_1_11' title='bbox 554 358 680 418; x_wconf 78' lang='grc' dir='ltr'>οὕτως</span> <span class='ocrx_word' id='word_1_12' title='bbox 698 383 754 418; x_wconf 88' lang='grc' dir='ltr'>ως</span> <span class='ocrx_word' id='word_1_13' title='bbox 775 382 957 420; x_wconf 68' lang='grc' dir='ltr'>εκασἻ-ος</span> <span class='ocrx_word' id='word_1_14' title='bbox 976 386 1152 435; x_wconf 77' lang='grc' dir='ltr'>ωρμητο.</span> 
     </span>
    </p>

    <p class='ocr_par' dir='ltr' id='par_1_3' title="bbox 130 428 1613 534">
     <span class='ocr_line' id='line_1_4' title="bbox 130 428 1613 534; baseline 0.006 -47"><span class='ocrx_word' id='word_1_15' title='bbox 130 465 204 501; x_wconf 81' lang='lat' dir='ltr'>Post</span> <span class='ocrx_word' id='word_1_16' title='bbox 215 466 299 512; x_wconf 82' lang='lat' dir='ltr'>Apr</span> <span class='ocrx_word' id='word_1_17' title='bbox 414 430 478 499; x_wconf 75' lang='grc' dir='ltr'>β’.</span> <span class='ocrx_word' id='word_1_18' title='bbox 507 433 660 489; x_wconf 77' lang='grc' dir='ltr'>Κλέων</span> <span class='ocrx_word' id='word_1_19' title='bbox 679 428 724 488; x_wconf 71' lang='grc' dir='ltr'>δε</span> <span class='ocrx_word' id='word_1_20' title='bbox 740 437 972 499; x_wconf 80' lang='grc' dir='ltr'>Ἀθηναίους</span> <span class='ocrx_word' id='word_1_21' title='bbox 990 445 1174 497; x_wconf 76' lang='grc' dir='ltr'>πείσας,</span> <span class='ocrx_word' id='word_1_22' title='bbox 1197 441 1238 497; x_wconf 79' lang='grc' dir='ltr'>ἒς</span> <span class='ocrx_word' id='word_1_23' title='bbox 1258 462 1318 492; x_wconf 88' lang='grc' dir='ltr'>τα</span> <span class='ocrx_word' id='word_1_24' title='bbox 1337 437 1408 492; x_wconf 78' lang='grc' dir='ltr'>ἒπι</span> <span class='ocrx_word' id='word_1_25' title='bbox 1429 435 1613 534; x_wconf 57' lang='grc' dir='ltr'><em>Θρᾴκης</em></span> 
     </span>
    </p>

    <p class='ocr_par' dir='ltr' id='par_1_4' title="bbox 184 509 1613 589">
     <span class='ocr_line' id='line_1_5' title="bbox 184 509 1613 589; baseline 0.006 -25"><span class='ocrx_word' id='word_1_26' title='bbox 184 523 238 548; x_wconf 83' lang='lat'>¹²·</span> <span class='ocrx_word' id='word_1_27' title='bbox 339 519 482 587; x_wconf 75' lang='grc' dir='ltr'>χωρία</span> <span class='ocrx_word' id='word_1_28' title='bbox 507 509 739 575; x_wconf 66' lang='grc' dir='ltr'>ἐξέπλευσε</span> <span class='ocrx_word' id='word_1_29' title='bbox 773 536 894 584; x_wconf 76' lang='grc' dir='ltr'>μετα</span> <span class='ocrx_word' id='word_1_30' title='bbox 919 538 990 575; x_wconf 85' lang='grc' dir='ltr'>την</span> <span class='ocrx_word' id='word_1_31' title='bbox 1016 517 1264 588; x_wconf 71' lang='grc' dir='ltr'>ἐκεχειρίαν,</span> <span class='ocrx_word' id='word_1_32' title='bbox 1295 517 1512 578; x_wconf 77' lang='grc' dir='ltr'>Αθηναίων</span> <span class='ocrx_word' id='word_1_33' title='bbox 1534 541 1613 589; x_wconf 78' lang='grc' dir='ltr'>μεν</span> 
     </span>
    </p>

    <p class='ocr_par' dir='ltr' id='par_1_5' title="bbox 341 586 1613 668">
     <span class='ocr_line' id='line_1_6' title="bbox 341 586 1613 668; baseline 0.004 -26"><span class='ocrx_word' id='word_1_34' title='bbox 341 595 530 647; x_wconf 75' lang='grc' dir='ltr'>ὁπλίταις</span> <span class='ocrx_word' id='word_1_35' title='bbox 546 586 656 652; x_wconf 66' lang='grc' dir='ltr'>ἔχων</span> <span class='ocrx_word' id='word_1_36' title='bbox 673 589 904 648; x_wconf 66' lang='grc' dir='ltr'>διακοσίους</span> <span class='ocrx_word' id='word_1_37' title='bbox 918 613 996 642; x_wconf 84' lang='grc' dir='ltr'>και</span> <span class='ocrx_word' id='word_1_38' title='bbox 1012 599 1200 654; x_wconf 77' lang='grc' dir='ltr'>χιλίους,</span> <span class='ocrx_word' id='word_1_39' title='bbox 1215 615 1293 644; x_wconf 79' lang='grc' dir='ltr'>και</span> <span class='ocrx_word' id='word_1_40' title='bbox 1313 590 1479 656; x_wconf 68' lang='grc' dir='ltr'>ἱππέας</span> <span class='ocrx_word' id='word_1_41' title='bbox 1493 617 1613 668; x_wconf 72' lang='grc' dir='ltr'>τρια-</span> 
     </span>
    </p>

    <p class='ocr_par' dir='ltr' id='par_1_6' title="bbox 338 657 1612 760">
     <span class='ocr_line' id='line_1_7' title="bbox 338 657 1612 760; baseline 0.003 -40"><span class='ocrx_word' id='word_1_42' title='bbox 338 672 524 724; x_wconf 76' lang='grc' dir='ltr'>κοσίους,</span> <span class='ocrx_word' id='word_1_43' title='bbox 538 690 616 717; x_wconf 88' lang='grc' dir='ltr'>των</span> <span class='ocrx_word' id='word_1_44' title='bbox 636 657 682 717; x_wconf 73' lang='grc' dir='ltr'>δε</span> <span class='ocrx_word' id='word_1_45' title='bbox 701 666 972 736; x_wconf 68' lang='grc' dir='ltr'>ξυμμάχων,</span> <span class='ocrx_word' id='word_1_46' title='bbox 987 673 1174 727; x_wconf 84' lang='grc' dir='ltr'>πλεί”ους</span> <span class='ocrx_word' id='word_1_47' title='bbox 1195 670 1293 728; x_wconf 77' lang='grc' dir='ltr'>ναῧς</span> <span class='ocrx_word' id='word_1_48' title='bbox 1311 661 1357 722; x_wconf 63' lang='grc' dir='ltr'>δε</span> <span class='ocrx_word' id='word_1_49' title='bbox 1375 670 1612 760; x_wconf 71' lang='grc' dir='ltr'>τριάκοντα.</span> 
     </span>
    </p>

    <p class='ocr_par' dir='ltr' id='par_1_7' title="bbox 338 733 1612 819">
     <span class='ocr_line' id='line_1_8' title="bbox 338 733 1612 819; baseline 0.004 -24"><span class='ocrx_word' id='word_1_50' title='bbox 338 766 462 807; x_wconf 76' lang='grc' dir='ltr'>σχων</span> <span class='ocrx_word' id='word_1_51' title='bbox 487 733 570 794; x_wconf 63' lang='grc' dir='ltr'>δε</span> <span class='ocrx_word' id='word_1_52' title='bbox 559 764 599 800; x_wconf 85' lang='grc' dir='ltr'>ες</span> <span class='ocrx_word' id='word_1_53' title='bbox 624 741 817 804; x_wconf 67' lang='grc' dir='ltr'>Σκιώνην</span> <span class='ocrx_word' id='word_1_54' title='bbox 841 766 1022 815; x_wconf 79' lang='grc' dir='ltr'>πρωτον,</span> <span class='ocrx_word' id='word_1_55' title='bbox 1053 741 1111 796; x_wconf 67' lang='grc' dir='ltr'>ἔτι</span> <span class='ocrx_word' id='word_1_56' title='bbox 1140 757 1297 819; x_wconf 74' lang='lat' dir='ltr'>m&gt;uop</span> <span class='ocrx_word' id='word_1_57' title='bbox 1291 743 1501 816; x_wconf 68' lang='grc' dir='ltr'>ιουμένην,</span> <span class='ocrx_word' id='word_1_58' title='bbox 1532 771 1612 800; x_wconf 78' lang='grc' dir='ltr'>και</span> 
     </span>
    </p>

    <p class='ocr_par' dir='ltr' id='par_1_8' title="bbox 324 811 1612 911">
     <span class='ocr_line' id='line_1_9' title="bbox 324 811 1612 911; baseline 0.005 -41"><span class='ocrx_word' id='word_1_59' title='bbox 324 811 610 911; x_wconf 77' lang='grc' dir='ltr'>’προσ-λαβων</span> <span class='ocrx_word' id='word_1_60' title='bbox 628 818 793 871; x_wconf 72' lang='grc' dir='ltr'>αὐτόθεν</span> <span class='ocrx_word' id='word_1_61' title='bbox 811 822 998 878; x_wconf 80' lang='grc' dir='ltr'>ὁπλίταις</span> <span class='ocrx_word' id='word_1_62' title='bbox 1009 844 1087 872; x_wconf 86' lang='grc' dir='ltr'>των</span> <span class='ocrx_word' id='word_1_63' title='bbox 1102 820 1301 894; x_wconf 75' lang='grc' dir='ltr'>φρουρων,</span> <span class='ocrx_word' id='word_1_64' title='bbox 1317 819 1612 877; x_wconf 67' lang='grc' dir='ltr'>κατέπλευσεν</span> 
     </span>
    </p>

    <p class='ocr_par' dir='ltr' id='par_1_9' title="bbox 338 892 1612 969">
     <span class='ocr_line' id='line_1_10' title="bbox 338 892 1612 969; baseline 0.004 -22"><span class='ocrx_word' id='word_1_65' title='bbox 338 898 382 954; x_wconf 72' lang='grc' dir='ltr'>ἒς</span> <span class='ocrx_word' id='word_1_66' title='bbox 397 918 463 947; x_wconf 88' lang='grc' dir='ltr'>τον</span> <span class='ocrx_word' id='word_1_67' title='bbox 477 895 764 957; x_wconf 70' lang='grc' dir='ltr'>Κολοφωνίων</span> <span class='ocrx_word' id='word_1_68' title='bbox 776 892 956 965; x_wconf 69' lang='grc' dir='ltr'>λιμένα,</span> <span class='ocrx_word' id='word_1_69' title='bbox 974 919 1052 948; x_wconf 86' lang='grc' dir='ltr'>των</span> <span class='ocrx_word' id='word_1_70' title='bbox 1066 897 1345 969; x_wconf 65' lang='grc' dir='ltr'>Τορωναίων’</span> <span class='ocrx_word' id='word_1_71' title='bbox 1323 894 1550 963; x_wconf 77' lang='grc' dir='ltr'>απέχοντα</span> <span class='ocrx_word' id='word_1_72' title='bbox 1567 904 1612 952; x_wconf 79' lang='grc' dir='ltr'>οὐ</span> 
     </span>
    </p>

    <p class='ocr_par' dir='ltr' id='par_1_10' title="bbox 338 969 1612 1047">
     <span class='ocr_line' id='line_1_11' title="bbox 338 969 1612 1047; baseline 0.003 -23"><span class='ocrx_word' id='word_1_73' title='bbox 338 969 458 1024; x_wconf 90' lang='grc' dir='ltr'>πολυ</span> <span class='ocrx_word' id='word_1_74' title='bbox 476 995 546 1032; x_wconf 83' lang='grc' dir='ltr'>της</span> <span class='ocrx_word' id='word_1_75' title='bbox 566 969 752 1030; x_wconf 82' lang='grc' dir='ltr'>πολεως.</span> <span class='ocrx_word' id='word_1_76' title='bbox 773 973 822 1023; x_wconf 76' lang='grc' dir='ltr'>ὲκ</span> <span class='ocrx_word' id='word_1_77' title='bbox 843 971 886 1022; x_wconf 60' lang='grc' dir='ltr'>δ’</span> <span class='ocrx_word' id='word_1_78' title='bbox 906 972 1034 1023; x_wconf 78' lang='grc' dir='ltr'>αὐτου</span> <span class='ocrx_word' id='word_1_79' title='bbox 1054 972 1351 1043; x_wconf 62' lang='grc' dir='ltr'>αἱσθομενος</span> <span class='ocrx_word' id='word_1_80' title='bbox 1332 978 1407 1026; x_wconf 87' lang='grc' dir='ltr'>υπ’</span> <span class='ocrx_word' id='word_1_81' title='bbox 1426 976 1612 1047; x_wconf 66' lang='grc' dir='ltr'>αὐτομό-</span> 
     </span>
    </p>

    <p class='ocr_par' dir='ltr' id='par_1_11' title="bbox 338 1038 1611 1137">
     <span class='ocr_line' id='line_1_12' title="bbox 338 1038 1611 1137; baseline 0.002 -36"><span class='ocrx_word' id='word_1_82' title='bbox 338 1061 427 1101; x_wconf 88' lang='grc' dir='ltr'>λων</span> <span class='ocrx_word' id='word_1_83' title='bbox 446 1046 505 1099; x_wconf 82' lang='grc' dir='ltr'>ὁτι</span> <span class='ocrx_word' id='word_1_84' title='bbox 523 1038 614 1099; x_wconf 64' lang='grc' dir='ltr'>οὐδε</span> <span class='ocrx_word' id='word_1_85' title='bbox 628 1047 871 1137; x_wconf 44' lang='lat' dir='ltr'>Epona-W&amp;</span> <span class='ocrx_word' id='word_1_86' title='bbox 861 1069 896 1100; x_wconf 84' lang='grc' dir='ltr'>εν</span> <span class='ocrx_word' id='word_1_87' title='bbox 913 1071 959 1112; x_wconf 75' lang='grc' dir='ltr'>τη</span> <span class='ocrx_word' id='word_1_88' title='bbox 938 1047 1138 1132; x_wconf 71' lang='grc' dir='ltr'>Τορωνη</span> <span class='ocrx_word' id='word_1_89' title='bbox 1149 1087 1161 1104; x_wconf 90' lang='grc'><strong><em>,</em></strong></span> <span class='ocrx_word' id='word_1_90' title='bbox 1180 1073 1269 1102; x_wconf 81' lang='grc' dir='ltr'>ουτε</span> <span class='ocrx_word' id='word_1_91' title='bbox 1286 1056 1321 1102; x_wconf 82' lang='grc' dir='ltr'>οἱ</span> <span class='ocrx_word' id='word_1_92' title='bbox 1337 1050 1481 1110; x_wconf 79' lang='grc' dir='ltr'>ἒνοντες</span> <span class='ocrx_word' id='word_1_93' title='bbox 1493 1053 1611 1116; x_wconf 67' lang='grc' dir='ltr'>ἀξιό-</span> 
     </span>
    </p>

    <p class='ocr_par' dir='ltr' id='par_1_12' title="bbox 336 1128 1611 1217">
     <span class='ocr_line' id='line_1_13' title="bbox 336 1128 1611 1217; baseline 0.004 -41"><span class='ocrx_word' id='word_1_94' title='bbox 336 1147 482 1195; x_wconf 77' lang='grc' dir='ltr'>μαχοι</span> <span class='ocrx_word' id='word_1_95' title='bbox 508 1145 601 1178; x_wconf 83' lang='grc' dir='ltr'>ειεν,</span> <span class='ocrx_word' id='word_1_96' title='bbox 625 1147 672 1188; x_wconf 81' lang='grc' dir='ltr'>τη</span> <span class='ocrx_word' id='word_1_97' title='bbox 695 1145 771 1194; x_wconf 77' lang='grc' dir='ltr'>μεν</span> <span class='ocrx_word' id='word_1_98' title='bbox 795 1146 985 1196; x_wconf 70' lang='grc' dir='ltr'>στρατια</span> <span class='ocrx_word' id='word_1_99' title='bbox 1005 1148 1052 1189; x_wconf 71' lang='grc' dir='ltr'>τη</span> <span class='ocrx_word' id='word_1_100' title='bbox 1075 1128 1215 1190; x_wconf 71' lang='grc' dir='ltr'>πεζῇ’</span> <span class='ocrx_word' id='word_1_101' title='bbox 1203 1148 1349 1217; x_wconf 75' lang='grc' dir='ltr'>εχωρει</span> <span class='ocrx_word' id='word_1_102' title='bbox 1371 1130 1412 1186; x_wconf 74' lang='grc' dir='ltr'>ἐς</span> <span class='ocrx_word' id='word_1_103' title='bbox 1435 1152 1506 1190; x_wconf 79' lang='grc' dir='ltr'>την</span> <span class='ocrx_word' id='word_1_104' title='bbox 1527 1153 1611 1181; x_wconf 88' lang='grc' dir='ltr'>πο-</span> 
     </span>
    </p>

    <p class='ocr_par' dir='ltr' id='par_1_13' title="bbox 336 1191 1608 1277">
     <span class='ocr_line' id='line_1_14' title="bbox 336 1191 1608 1277; baseline 0.002 -24"><span class='ocrx_word' id='word_1_105' title='bbox 336 1214 426 1257; x_wconf 85' lang='grc' dir='ltr'>λιν,</span> <span class='ocrx_word' id='word_1_106' title='bbox 450 1200 546 1259; x_wconf 77' lang='grc' dir='ltr'>ναῧς</span> <span class='ocrx_word' id='word_1_107' title='bbox 562 1191 607 1251; x_wconf 65' lang='grc' dir='ltr'>δε</span> <span class='ocrx_word' id='word_1_108' title='bbox 625 1196 896 1274; x_wconf 64' lang='grc' dir='ltr'>περιέπεμψε</span> <span class='ocrx_word' id='word_1_109' title='bbox 913 1196 1073 1252; x_wconf 70' lang='grc' dir='ltr'>ὃεκα</span> <span class='ocrx_word' id='word_1_110' title='bbox 1031 1225 1097 1253; x_wconf 85' lang='grc' dir='ltr'>τον</span> <span class='ocrx_word' id='word_1_111' title='bbox 1108 1199 1270 1273; x_wconf 71' lang='grc' dir='ltr'>λιμένα</span> <span class='ocrx_word' id='word_1_112' title='bbox 1281 1208 1512 1277; x_wconf 72' lang='grc' dir='ltr'>περιπλειν.</span> <span class='ocrx_word' id='word_1_113' title='bbox 1527 1228 1608 1258; x_wconf 74' lang='grc' dir='ltr'>και</span> 
     </span>
    </p>

    <p class='ocr_par' dir='ltr' id='par_1_14' title="bbox 337 1278 1611 1356">
     <span class='ocr_line' id='line_1_15' title="bbox 337 1278 1611 1356; baseline 0.004 -26"><span class='ocrx_word' id='word_1_114' title='bbox 337 1300 439 1352; x_wconf 74' lang='grc' dir='ltr'>προς</span> <span class='ocrx_word' id='word_1_115' title='bbox 457 1300 502 1329; x_wconf 87' lang='grc' dir='ltr'>το</span> <span class='ocrx_word' id='word_1_116' title='bbox 517 1282 827 1350; x_wconf 69' lang='grc' dir='ltr'>περιτείχισμα</span> <span class='ocrx_word' id='word_1_117' title='bbox 844 1301 1000 1353; x_wconf 76' lang='grc' dir='ltr'>πρωτον</span> <span class='ocrx_word' id='word_1_118' title='bbox 1020 1279 1339 1342; x_wconf 71' lang='grc' dir='ltr'>αφικνειται,“</span> <span class='ocrx_word' id='word_1_119' title='bbox 1321 1304 1339 1331; x_wconf 91' lang='grc' dir='ltr'>ο</span> <span class='ocrx_word' id='word_1_120' title='bbox 1362 1278 1611 1356; x_wconf 69' lang='grc' dir='ltr'>προσ-περιί-</span> 
     </span>
    </p>
   </div>
   <div class='ocr_carea' id='block_1_3' title="bbox 331 1433 1614 2547">
    <p class='ocr_par' dir='ltr' id='par_1_15' title="bbox 333 1433 1614 1618">
     <span class='ocr_line' id='line_1_16' title="bbox 334 1433 1614 1495; baseline 0.001 -19"><span class='ocrx_word' id='word_1_121' title='bbox 334 1447 414 1489; x_wconf 83' lang='lat' dir='ltr'>que</span> <span class='ocrx_word' id='word_1_122' title='bbox 425 1433 535 1475; x_wconf 91' lang='lat' dir='ltr'>Delii</span> <span class='ocrx_word' id='word_1_123' title='bbox 558 1433 714 1495; x_wconf 78' lang='lat' dir='ltr'>quidem</span> <span class='ocrx_word' id='word_1_124' title='bbox 729 1433 1041 1488; x_wconf 85' lang='lat' dir='ltr'>Atramytteium</span> <span class='ocrx_word' id='word_1_125' title='bbox 1063 1434 1106 1475; x_wconf 90' lang='lat' dir='ltr'>in</span> <span class='ocrx_word' id='word_1_126' title='bbox 1122 1434 1211 1476; x_wconf 78' lang='lat' dir='ltr'>Asia</span> <span class='ocrx_word' id='word_1_127' title='bbox 1229 1434 1342 1476; x_wconf 74' lang='lat' dir='ltr'>situm</span> <span class='ocrx_word' id='word_1_128' title='bbox 1352 1467 1364 1486; x_wconf 91' lang='lat'>,</span> <span class='ocrx_word' id='word_1_129' title='bbox 1377 1437 1484 1491; x_wconf 91' lang='lat' dir='ltr'>quod</span> <span class='ocrx_word' id='word_1_130' title='bbox 1498 1436 1614 1478; x_wconf 83' lang='lat' dir='ltr'>Phar-</span> 
     </span>
     <span class='ocr_line' id='line_1_17' title="bbox 334 1503 1612 1561; baseline 0.001 -15"><span class='ocrx_word' id='word_1_131' title='bbox 334 1518 450 1547; x_wconf 85' lang='lat' dir='ltr'>naces</span> <span class='ocrx_word' id='word_1_132' title='bbox 473 1503 562 1560; x_wconf 86' lang='lat' dir='ltr'>ipfis</span> <span class='ocrx_word' id='word_1_133' title='bbox 580 1503 680 1545; x_wconf 87' lang='lat' dir='ltr'>dedit</span> <span class='ocrx_word' id='word_1_134' title='bbox 693 1535 706 1555; x_wconf 89' lang='lat'>‚</span> <span class='ocrx_word' id='word_1_135' title='bbox 726 1503 976 1546; x_wconf 84' lang='lat' dir='ltr'>incoluerunt</span> <span class='ocrx_word' id='word_1_136' title='bbox 990 1536 1003 1556; x_wconf 90' lang='lat'><strong>,</strong></span> <span class='ocrx_word' id='word_1_137' title='bbox 1021 1515 1140 1559; x_wconf 87' lang='lat' dir='ltr'>prout</span> <span class='ocrx_word' id='word_1_138' title='bbox 1161 1503 1426 1560; x_wconf 82' lang='lat' dir='ltr'>unusquisque</span> <span class='ocrx_word' id='word_1_139' title='bbox 1446 1518 1497 1547; x_wconf 88' lang='lat' dir='ltr'>eo</span> <span class='ocrx_word' id='word_1_140' title='bbox 1517 1519 1612 1561; x_wconf 44' lang='lat' dir='ltr'>pro&lt;</span> 
     </span>
     <span class='ocr_line' id='line_1_18' title="bbox 333 1575 592 1618; baseline 0.004 -2"><span class='ocrx_word' id='word_1_141' title='bbox 333 1575 592 1618; x_wconf 83' lang='lat' dir='ltr'>ficiscehatur.</span> 
     </span>
    </p>

    <p class='ocr_par' dir='ltr' id='par_1_16' title="bbox 331 1645 1610 2547">
     <span class='ocr_line' id='line_1_19' title="bbox 390 1645 1609 1703; baseline 0 -16"><span class='ocrx_word' id='word_1_142' title='bbox 390 1647 440 1688; x_wconf 91' lang='lat'>11.</span> <span class='ocrx_word' id='word_1_143' title='bbox 468 1646 596 1688; x_wconf 87' lang='lat' dir='ltr'>Cleon</span> <span class='ocrx_word' id='word_1_144' title='bbox 617 1660 719 1689; x_wconf 89' lang='lat' dir='ltr'>vero</span> <span class='ocrx_word' id='word_1_145' title='bbox 741 1646 829 1703; x_wconf 87' lang='lat' dir='ltr'>post</span> <span class='ocrx_word' id='word_1_146' title='bbox 849 1645 1002 1688; x_wconf 63' lang='lat' dir='ltr'>exaRas</span> <span class='ocrx_word' id='word_1_147' title='bbox 1032 1645 1228 1697; x_wconf 84' lang='lat' dir='ltr'>inducias,</span> <span class='ocrx_word' id='word_1_148' title='bbox 1255 1659 1347 1687; x_wconf 89' lang='lat' dir='ltr'>cum</span> <span class='ocrx_word' id='word_1_149' title='bbox 1370 1659 1454 1687; x_wconf 87' lang='lat' dir='ltr'>rem</span> <span class='ocrx_word' id='word_1_150' title='bbox 1482 1645 1609 1687; x_wconf 86' lang='lat' dir='ltr'>Athe-</span> 
     </span>
     <span class='ocr_line' id='line_1_20' title="bbox 332 1717 1609 1774; baseline 0 -16"><span class='ocrx_word' id='word_1_151' title='bbox 332 1717 530 1759; x_wconf 83' lang='lat' dir='ltr'>nienfibus</span> <span class='ocrx_word' id='word_1_152' title='bbox 553 1717 791 1774; x_wconf 85' lang='lat' dir='ltr'>persuafiffet</span> <span class='ocrx_word' id='word_1_153' title='bbox 804 1750 816 1769; x_wconf 83' lang='lat'>‚</span> <span class='ocrx_word' id='word_1_154' title='bbox 841 1719 881 1758; x_wconf 89' lang='lat' dir='ltr'>in</span> <span class='ocrx_word' id='word_1_155' title='bbox 899 1718 1111 1759; x_wconf 86' lang='lat' dir='ltr'>Thraciam</span> <span class='ocrx_word' id='word_1_156' title='bbox 1134 1718 1337 1771; x_wconf 87' lang='lat' dir='ltr'>navigavit</span> <span class='ocrx_word' id='word_1_157' title='bbox 1351 1749 1364 1768; x_wconf 88' lang='lat'><em>‚</em></span> <span class='ocrx_word' id='word_1_158' title='bbox 1385 1717 1514 1758; x_wconf 88' lang='lat' dir='ltr'>secum</span> <span class='ocrx_word' id='word_1_159' title='bbox 1538 1717 1609 1758; x_wconf 91' lang='lat' dir='ltr'>du-</span> 
     </span>
     <span class='ocr_line' id='line_1_21' title="bbox 332 1786 1609 1841; baseline 0 -13"><span class='ocrx_word' id='word_1_160' title='bbox 332 1799 428 1828; x_wconf 88' lang='lat' dir='ltr'>cens</span> <span class='ocrx_word' id='word_1_161' title='bbox 448 1786 551 1827; x_wconf 85' lang='lat' dir='ltr'>mille</span> <span class='ocrx_word' id='word_1_162' title='bbox 572 1786 614 1827; x_wconf 88' lang='lat'>&amp;</span> <span class='ocrx_word' id='word_1_163' title='bbox 635 1787 827 1828; x_wconf 89' lang='lat' dir='ltr'>ducentos</span> <span class='ocrx_word' id='word_1_164' title='bbox 849 1787 979 1841; x_wconf 87' lang='lat' dir='ltr'>gravis</span> <span class='ocrx_word' id='word_1_165' title='bbox 995 1797 1216 1827; x_wconf 85' lang='lat' dir='ltr'>armaturae</span> <span class='ocrx_word' id='word_1_166' title='bbox 1235 1786 1372 1827; x_wconf 86' lang='lat' dir='ltr'>milites</span> <span class='ocrx_word' id='word_1_167' title='bbox 1392 1786 1609 1828; x_wconf 86' lang='lat' dir='ltr'><strong>Athenien-</strong></span> 
     </span>
     <span class='ocr_line' id='line_1_22' title="bbox 332 1855 1610 1913; baseline -0.002 -14"><span class='ocrx_word' id='word_1_168' title='bbox 332 1859 416 1908; x_wconf 85' lang='lat' dir='ltr'>ses,</span> <span class='ocrx_word' id='word_1_169' title='bbox 435 1858 477 1899; x_wconf 89' lang='lat'>&amp;</span> <span class='ocrx_word' id='word_1_170' title='bbox 500 1869 697 1900; x_wconf 88' lang='lat' dir='ltr'>trecentos</span> <span class='ocrx_word' id='word_1_171' title='bbox 716 1859 889 1913; x_wconf 86' lang='lat' dir='ltr'>equites,</span> <span class='ocrx_word' id='word_1_172' title='bbox 909 1858 952 1899; x_wconf 89' lang='lat'>&amp;</span> <span class='ocrx_word' id='word_1_173' title='bbox 972 1871 1022 1899; x_wconf 86' lang='lat' dir='ltr'>ex</span> <span class='ocrx_word' id='word_1_174' title='bbox 1042 1857 1154 1907; x_wconf 82' lang='lat' dir='ltr'>sociis</span> <span class='ocrx_word' id='word_1_175' title='bbox 1172 1857 1289 1911; x_wconf 86' lang='lat' dir='ltr'>longe</span> <span class='ocrx_word' id='word_1_176' title='bbox 1309 1855 1462 1911; x_wconf 88' lang='lat' dir='ltr'>plures,</span> <span class='ocrx_word' id='word_1_177' title='bbox 1478 1856 1522 1897; x_wconf 87' lang='lat'>&amp;</span> <span class='ocrx_word' id='word_1_178' title='bbox 1542 1857 1610 1897; x_wconf 82' lang='lat' dir='ltr'>tri-</span> 
     </span>
     <span class='ocr_line' id='line_1_23' title="bbox 333 1925 1608 1984; baseline -0.004 -13"><span class='ocrx_word' id='word_1_179' title='bbox 333 1931 442 1984; x_wconf 86' lang='lat' dir='ltr'>ginta</span> <span class='ocrx_word' id='word_1_180' title='bbox 466 1943 600 1971; x_wconf 86' lang='lat' dir='ltr'>naves.</span> <span class='ocrx_word' id='word_1_181' title='bbox 633 1929 737 1971; x_wconf 91' lang='lat' dir='ltr'>Cum</span> <span class='ocrx_word' id='word_1_182' title='bbox 765 1941 894 1970; x_wconf 88' lang='lat' dir='ltr'>autem</span> <span class='ocrx_word' id='word_1_183' title='bbox 919 1929 1090 1984; x_wconf 81' lang='lat' dir='ltr'>primum</span> <span class='ocrx_word' id='word_1_184' title='bbox 1115 1927 1163 1968; x_wconf 90' lang='lat' dir='ltr'>ad</span> <span class='ocrx_word' id='word_1_185' title='bbox 1186 1926 1354 1968; x_wconf 87' lang='lat' dir='ltr'>Scionen</span> <span class='ocrx_word' id='word_1_186' title='bbox 1378 1925 1608 1982; x_wconf 84' lang='lat' dir='ltr'>appuliffet,</span> 
     </span>
     <span class='ocr_line' id='line_1_24' title="bbox 331 1997 1608 2059; baseline -0.005 -15"><span class='ocrx_word' id='word_1_187' title='bbox 331 2016 435 2059; x_wconf 87' lang='lat' dir='ltr'>quae</span> <span class='ocrx_word' id='word_1_188' title='bbox 457 2002 584 2044; x_wconf 91' lang='lat' dir='ltr'>adhuc</span> <span class='ocrx_word' id='word_1_189' title='bbox 610 2002 880 2051; x_wconf 71' lang='lat' dir='ltr'>obsidebatur,</span> <span class='ocrx_word' id='word_1_190' title='bbox 911 2000 955 2041; x_wconf 91' lang='lat'>&amp;</span> <span class='ocrx_word' id='word_1_191' title='bbox 976 2013 1067 2041; x_wconf 86' lang='lat' dir='ltr'>curn</span> <span class='ocrx_word' id='word_1_192' title='bbox 1096 1998 1201 2040; x_wconf 87' lang='lat' dir='ltr'>illinc</span> <span class='ocrx_word' id='word_1_193' title='bbox 1230 1997 1360 2052; x_wconf 81' lang='lat' dir='ltr'>gravis</span> <span class='ocrx_word' id='word_1_194' title='bbox 1386 2008 1608 2056; x_wconf 77' lang='lat' dir='ltr'>armaturae</span> 
     </span>
     <span class='ocr_line' id='line_1_25' title="bbox 333 2067 1608 2127; baseline -0.007 -13"><span class='ocrx_word' id='word_1_195' title='bbox 333 2073 472 2114; x_wconf 81' lang='lat' dir='ltr'>milites</span> <span class='ocrx_word' id='word_1_196' title='bbox 493 2086 543 2114; x_wconf 84' lang='lat' dir='ltr'>ex</span> <span class='ocrx_word' id='word_1_197' title='bbox 560 2071 812 2127; x_wconf 80' lang='lat' dir='ltr'>praesidiariis</span> <span class='ocrx_word' id='word_1_198' title='bbox 830 2069 1075 2120; x_wconf 83' lang='lat' dir='ltr'>affumfiffet‚</span> <span class='ocrx_word' id='word_1_199' title='bbox 1097 2068 1138 2109; x_wconf 90' lang='lat' dir='ltr'>in</span> <span class='ocrx_word' id='word_1_200' title='bbox 1151 2067 1494 2123; x_wconf 87' lang='lat' dir='ltr'>Colophoniorum</span> <span class='ocrx_word' id='word_1_201' title='bbox 1514 2080 1608 2122; x_wconf 81' lang='lat' dir='ltr'>por.</span> 
     </span>
     <span class='ocr_line' id='line_1_26' title="bbox 331 2136 1607 2193; baseline -0.005 -8"><span class='ocrx_word' id='word_1_202' title='bbox 331 2155 438 2193; x_wconf 86' lang='lat' dir='ltr'>tum,</span> <span class='ocrx_word' id='word_1_203' title='bbox 464 2156 488 2184; x_wconf 87' lang='lat' dir='ltr'>a</span> <span class='ocrx_word' id='word_1_204' title='bbox 509 2143 815 2184; x_wconf 88' lang='lat' dir='ltr'>Toronaeorum</span> <span class='ocrx_word' id='word_1_205' title='bbox 841 2140 939 2182; x_wconf 85' lang='lat' dir='ltr'>urbe</span> <span class='ocrx_word' id='word_1_206' title='bbox 956 2152 1041 2181; x_wconf 88' lang='lat' dir='ltr'>non</span> <span class='ocrx_word' id='word_1_207' title='bbox 1061 2138 1228 2179; x_wconf 88' lang='lat' dir='ltr'>multum</span> <span class='ocrx_word' id='word_1_208' title='bbox 1249 2136 1474 2188; x_wconf 81' lang='lat' dir='ltr'>distantem,</span> <span class='ocrx_word' id='word_1_209' title='bbox 1494 2138 1607 2180; x_wconf 69' lang='lat' dir='ltr'>navi-</span> 
     </span>
     <span class='ocr_line' id='line_1_27' title="bbox 333 2207 1606 2268; baseline -0.005 -14"><span class='ocrx_word' id='word_1_210' title='bbox 333 2213 457 2268; x_wconf 84' lang='lat' dir='ltr'>gavit.</span> <span class='ocrx_word' id='word_1_211' title='bbox 487 2213 592 2254; x_wconf 90' lang='lat' dir='ltr'>Cum</span> <span class='ocrx_word' id='word_1_212' title='bbox 616 2223 747 2252; x_wconf 87' lang='lat' dir='ltr'>autem</span> <span class='ocrx_word' id='word_1_213' title='bbox 771 2212 847 2253; x_wconf 86' lang='lat' dir='ltr'>illic</span> <span class='ocrx_word' id='word_1_214' title='bbox 871 2209 1112 2252; x_wconf 80' lang='lat' dir='ltr'>intellexifl&#39;et</span> <span class='ocrx_word' id='word_1_215' title='bbox 1136 2223 1185 2251; x_wconf 86' lang='lat' dir='ltr'>ex</span> <span class='ocrx_word' id='word_1_216' title='bbox 1214 2207 1420 2263; x_wconf 82' lang='lat' dir='ltr'>transfugis</span> <span class='ocrx_word' id='word_1_217' title='bbox 1433 2239 1446 2259; x_wconf 93' lang='lat'><strong>,</strong></span> <span class='ocrx_word' id='word_1_218' title='bbox 1475 2221 1606 2263; x_wconf 82' lang='lat' dir='ltr'>neque</span> 
     </span>
     <span class='ocr_line' id='line_1_28' title="bbox 332 2277 1606 2334; baseline -0.004 -10"><span class='ocrx_word' id='word_1_219' title='bbox 332 2281 526 2324; x_wconf 81' lang='lat' dir='ltr'>Brafidam</span> <span class='ocrx_word' id='word_1_220' title='bbox 550 2281 739 2322; x_wconf 86' lang='lat' dir='ltr'>Toronae</span> <span class='ocrx_word' id='word_1_221' title='bbox 770 2279 867 2330; x_wconf 86' lang='lat' dir='ltr'>effe,</span> <span class='ocrx_word' id='word_1_222' title='bbox 893 2291 1020 2334; x_wconf 85' lang='lat' dir='ltr'>neque</span> <span class='ocrx_word' id='word_1_223' title='bbox 1049 2291 1139 2326; x_wconf 80' lang='lat' dir='ltr'>eos,</span> <span class='ocrx_word' id='word_1_224' title='bbox 1171 2278 1241 2332; x_wconf 89' lang='lat' dir='ltr'>qui</span> <span class='ocrx_word' id='word_1_225' title='bbox 1268 2277 1371 2318; x_wconf 85' lang='lat' dir='ltr'>intus</span> <span class='ocrx_word' id='word_1_226' title='bbox 1393 2288 1528 2327; x_wconf 82' lang='lat' dir='ltr'>erant,</span> <span class='ocrx_word' id='word_1_227' title='bbox 1556 2278 1606 2319; x_wconf 87' lang='lat' dir='ltr'>ad</span> 
     </span>
     <span class='ocr_line' id='line_1_29' title="bbox 332 2349 1608 2411; baseline -0.005 -15"><span class='ocrx_word' id='word_1_228' title='bbox 332 2352 577 2396; x_wconf 63' lang='lat' dir='ltr'>resistendum</span> <span class='ocrx_word' id='word_1_229' title='bbox 596 2365 707 2407; x_wconf 84' lang='lat' dir='ltr'>pares</span> <span class='ocrx_word' id='word_1_230' title='bbox 729 2351 804 2392; x_wconf 83' lang='lat' dir='ltr'>effe</span> <span class='ocrx_word' id='word_1_231' title='bbox 816 2383 828 2402; x_wconf 91' lang='lat'>‚</span> <span class='ocrx_word' id='word_1_232' title='bbox 853 2364 941 2392; x_wconf 90' lang='lat' dir='ltr'>cum</span> <span class='ocrx_word' id='word_1_233' title='bbox 963 2349 1135 2390; x_wconf 86' lang='lat' dir='ltr'>exercitu</span> <span class='ocrx_word' id='word_1_234' title='bbox 1152 2349 1308 2411; x_wconf 81' lang='lat' dir='ltr'>quidem</span> <span class='ocrx_word' id='word_1_235' title='bbox 1323 2349 1371 2389; x_wconf 89' lang='lat' dir='ltr'>ad</span> <span class='ocrx_word' id='word_1_236' title='bbox 1391 2349 1528 2390; x_wconf 88' lang='lat' dir='ltr'>urbem</span> <span class='ocrx_word' id='word_1_237' title='bbox 1547 2349 1608 2389; x_wconf 85' lang='lat' dir='ltr'>iti·</span> 
     </span>
     <span class='ocr_line' id='line_1_30' title="bbox 333 2416 1605 2478; baseline -0.006 -14"><span class='ocrx_word' id='word_1_238' title='bbox 333 2437 426 2465; x_wconf 88' lang='lat' dir='ltr'>nere</span> <span class='ocrx_word' id='word_1_239' title='bbox 450 2421 610 2478; x_wconf 85' lang='lat' dir='ltr'>pedestri</span> <span class='ocrx_word' id='word_1_240' title='bbox 637 2423 865 2471; x_wconf 88' lang='lat' dir='ltr'>contendit;</span> <span class='ocrx_word' id='word_1_241' title='bbox 901 2421 1032 2461; x_wconf 88' lang='lat' dir='ltr'>decem</span> <span class='ocrx_word' id='word_1_242' title='bbox 1055 2432 1156 2461; x_wconf 87' lang='lat' dir='ltr'>vero</span> <span class='ocrx_word' id='word_1_243' title='bbox 1188 2430 1310 2459; x_wconf 85' lang='lat' dir='ltr'>naves</span> <span class='ocrx_word' id='word_1_244' title='bbox 1339 2416 1605 2467; x_wconf 76' lang='lat' dir='ltr'>circummisit,</span> 
     </span>
     <span class='ocr_line' id='line_1_31' title="bbox 334 2485 1606 2547; baseline -0.008 -12"><span class='ocrx_word' id='word_1_245' title='bbox 334 2504 381 2535; x_wconf 86' lang='lat' dir='ltr'>ut-</span> <span class='ocrx_word' id='word_1_246' title='bbox 399 2492 585 2535; x_wconf 89' lang='lat' dir='ltr'>Torones</span> <span class='ocrx_word' id='word_1_247' title='bbox 609 2502 769 2547; x_wconf 86' lang='lat' dir='ltr'>portum</span> <span class='ocrx_word' id='word_1_248' title='bbox 793 2488 1190 2533; x_wconf 85' lang='lat' dir='ltr'>circumveherentur.</span> <span class='ocrx_word' id='word_1_249' title='bbox 1228 2486 1291 2528; x_wconf 87' lang='lat' dir='ltr'>Ac</span> <span class='ocrx_word' id='word_1_250' title='bbox 1321 2485 1487 2541; x_wconf 85' lang='lat' dir='ltr'>primum</span> <span class='ocrx_word' id='word_1_251' title='bbox 1514 2485 1606 2540; x_wconf 69' lang='lat' dir='ltr'>qui«-⁴</span> 
     </span>
    </p>
   </div>
  </div>
 </body>
</html>
