1728 3120
336 205 431 254 160
624 200 1312 252 THUCYDIDIS

331 321 501 353 στωσ-ιν
523 302 542 351 ὃ
559 321 650 367 yae
667 294 926 372 Βροιο-ίὸοος
900 323 937 352 εν
953 322 998 353 τε
1013 324 1094 359 τοις
1111 297 1270 357 ἄλλοις
1284 292 1439 373 μέτριον
1458 295 1604 361 ἑαυτου,

330 379 576 467 παρεῖχε,
560 398 639 427 κοιι
659 377 694 427 ἐν
714 378 795 434 τοῖς
813 374 961 441 λέγοις
975 377 1210 440 πανταχοῦ
1231 374 1428 436 ὲὸηλου
1401 399 1456 434 ως
1478 378 1599 429 ἐλευ-

332 452 515 525 θερῶσων
532 475 601 512 την
618 451 828 504 Ελλοίὸοο
846 453 1127 524 ἐκπεμφθείη.
1155 475 1235 504 κοοι
1256 457 1303 503 οοὶ
1323 450 1473 510 πόλεις
1495 475 1599 509 πυν-

330 528 552 617 θοινομενοιι
579 533 625 579 οιὶ
650 550 729 579 των
753 529 1015 588 Ἀθηναίων’
995 552 1191 590 υπηκοοι,
1209 552 1281 588 της
1300 550 1346 580 τε
1368 527 1601 598 Ἀμφιπό-

331 618 444 663 λεως
455 629 522 666 την
538 601 703 656 &Amo-av
714 640 726 658 ‚
740 626 818 655 κοιι
834 604 869 654 ἃ
879 601 1146 677 παρέχεται,
1162 628 1230 666 την
1243 626 1287 656 τε
1302 606 1448 655 ἐκείνου
1460 602 1601 677 προοί-

333 705 463 742 τητοι,
494 680 706 750 μάλιστα,
737 673 786 740 δη
817 678 1048 774 ὲπηρθησοον
1076 688 1132 739 εἰς
1163 703 1210 732 το
1248 684 1489 772 νεωτερίζειν.
1515 703 1597 732 nou

329 754 668 829 ἐπεκηρυκεύοντο
697 778 797 828 προς
822 752 944 809 αὐτον
971 753 1145 845 κρυφα,
1173 754 1436 829 ἐπιποιριενοοι
1460 778 1506 808 τε
1524 778 1608 808 κε-

331 832 539 891 λευοντες,
566 855 644 885 και
667 831 919 902 βουλόμενοι
951 855 1069 886 οιυτοι
1103 854 1277 884 escae-‘roc
1305 852 1457 905 πρῶτοι
1483 837 1600 884 ἀπο-

332 932 493 971 στηνοιι.
507 931 590 960 xxc
605 930 697 976 *yae
710 930 789 960 κοοι
767 904 953 960 (ἔδακ’
943 914 1137 972 εφοιίνετο
1151 910 1291 966 αὐτοῖς
1301 945 1313 964 ,
1330 905 1600 977 ἒψευσμενοις

331 1009 408 1058 μεν
432 1009 504 1047 της
533 985 753 1045 Αθηναίων
783 983 1035 1056 ὃννοίμεως’
1024 1006 1096 1036 em
1122 983 1309 1037 τοο-οῧτον
1334 983 1409 1046 ὅση
1436 982 1599 1076 ὅο-τερον

332 1061 509 1121 διεφάνη
521 1099 532 1116 ,
549 1084 594 1112 το
611 1055 649 1113 ὃ
640 1082 657 1112 ε
672 1056 803 1113 πλεον
817 1058 1026 1122 βουλησει
1044 1065 1251 1144 κρίνοντες
1246 1063 1472 1123 οἷο-αφεῒᾝ
1461 1085 1484 1122 η
1497 1079 1600 1134 προ-

335 1144 427 1193 volco
449 1139 673 1201 οἷο-φοιλει.
701 1135 878 1195 εἶωθοτες
901 1142 936 1189 οἱ
959 1135 1183 1208 οίνθρωποι,
1205 1142 1248 1188 οὑ
1275 1158 1352 1229 μεν
1375 1137 1599 1207 ἐπιθυμοῦ-

330 1238 419 1271 σιν,
448 1214 588 1266 ελπίὸι
615 1209 920 1287 ἀπερισκεπτῳ
949 1211 1163 1264 διδόναι·
1144 1221 1164 1263 “ο
1187 1203 1233 1263 δε
1255 1238 1331 1302 μη
1336 1218 1597 1286 προσίενται.

332 1289 546 1364 λογισμῷ
572 1289 838 1364 αὐτοκράτορι
865 1288 1128 1342 &imao-&an
1161 1286 1268 1360 ἅμα.
1294 1282 1339 1341 ὃε
1366 1313 1445 1342 των
1477 1290 1599 1352 Ἀθη-

330 1467 381 1496 ne
401 1453 498 1496 socii
522 1453 742 1496 deficerent.
762 1455 865 1496 Nam
886 1454 1062 1497 Brafidas
1087 1468 1177 1497 cum
1199 1455 1240 1496 in
1261 1455 1398 1496 ceteris
1420 1454 1536 1496 rebus
1561 1451 1599 1495 se

329 1524 574 1565 moderatum
598 1524 833 1579 praebebat,
862 1534 946 1565 tum
976 1538 1077 1565 vero
1104 1525 1235 1566 verbis
1262 1525 1406 1579 ubique
1432 1523 1599 1565 declara—

327 1593 397 1635 bat
409 1625 422 1645 ,
442 1593 480 1635 se
506 1594 556 1634 ad
569 1594 776 1639 Graeciam
795 1593 1033 1634 liberandam
1053 1593 1243 1635 emissum.
1271 1593 1411 1648 Quare
1436 1606 1528 1634 cum
1546 1593 1601 1633 ci-

327 1663 491 1713 vitares,
515 1675 616 1717 quae
635 1661 929 1703 Athenienfium
948 1663 1113 1718 imperio
1131 1662 1316 1717 parebant
1329 1693 1342 1713 ,
1363 1662 1540 1703 audirent
1553 1662 1598 1702 δι

326 1730 583 1786 Amphipolin
609 1741 762 1786 captam
775 1761 788 1781 ,
809 1731 852 1771 &
873 1744 976 1786 quae
1002 1732 1063 1773 vit
1088 1731 1150 1772 ille
1171 1731 1404 1786 praestabat,
1423 1730 1599 1785 illiusque

328 1801 655 1843 mansuetudinem
666 1833 680 1852 ,
691 1812 785 1843 tunc
803 1802 852 1842 ad
871 1815 932 1843 res
947 1803 1148 1844 novandas
1168 1803 1336 1843 maxime
1353 1802 1502 1843 erectae
1516 1800 1599 1842 fue-

328 1883 432 1914 runt.
458 1873 508 1913 Et
532 1872 804 1913 caduceatores
828 1872 875 1912 ad
900 1885 992 1912 eum
1019 1871 1118 1912 clam
1142 1871 1370 1920 mittebant,
1388 1882 1596 1925 rogantes,

327 1955 375 1987 ut
395 1943 445 1985 ad
466 1943 504 1984 se
525 1943 741 1992 accederet,
768 1943 811 1983 δι
831 1956 906 1998 pro
928 1942 967 1983 se
988 1942 1132 1997 quique
1162 1941 1212 1982 ad
1238 1940 1347 1982 illum
1366 1941 1482 1997 primi
1500 1940 1597 1983 defi-

325 2028 416 2057 cere
442 2015 652 2069 cupientes.
680 2026 772 2054 nam
797 2013 1006 2068 impunitas
1030 2012 1118 2068 ipsis
1145 2012 1231 2065 fore
1252 2012 1485 2063 videbatur,
1509 2027 1598 2069 par-

327 2084 400 2124 tim
425 2083 604 2138 quidem,
633 2082 743 2136 quod
764 2080 860 2123 falso
886 2080 1101 2137 putassent,
1132 2080 1429 2122 Atheniensium
1458 2092 1599 2136 poten·

325 2157 423 2198 tiam
437 2169 519 2197 non
537 2154 612 2195 effe
630 2164 797 2204 tantam,
812 2164 997 2208 quantam
1020 2153 1152 2209 postea
1174 2151 1371 2194 manifeste
1385 2151 1494 2194 fuiss'e
1505 2166 1598 2195 con-

327 2226 444 2270 stitit:
467 2226 608 2280 partim
629 2238 752 2275 vero,
774 2225 882 2279 quod
901 2226 1048 2267 incerta
1075 2225 1282 2266 voluntate
1305 2225 1452 2277 magis,
1476 2238 1596 2279 quam

325 2306 434 2338 certa
448 2292 692 2348 providentia
709 2294 762 2333 ita
781 2293 1006 2334 iudicarent.
1027 2293 1221 2334 Homines
1237 2292 1343 2332 enim
1362 2292 1399 2332 id
1416 2293 1572 2346 quidem
1583 2322 1597 2343 ‚

327 2364 438 2420 quod
461 2363 646 2417 cupiunt,
669 2362 970 2409 inconsideratae
991 2362 1068 2418 spei
1090 2362 1335 2417 permittere3
1363 2363 1472 2416 quod
1495 2376 1595 2404 vero

327 2448 411 2480 non
436 2434 600 2488 cupiunt
613 2462 625 2482 ‚
647 2432 687 2473 id
709 2433 869 2474 rationis
888 2433 1096 2488 pertinacia
1122 2432 1280 2472 reiicere
1298 2430 1597 2474 consueverunt.

329 2503 555 2554 Praeterea,
575 2513 662 2544 tum
679 2501 788 2558 quod
795 2499 1048 2545 Athenienses
1067 2500 1213 2544 cladem
1230 2501 1445 2544 inBoeotia
1463 2515 1599 2546 recens
