1754 3120
503 274 989 323 EPITOME
1053 276 1351 327 LIBRI
1414 248 1531 327 1v.‘

449 391 545 439 ME
563 402 685 439 SSA
702 402 788 439 NA
823 393 867 438 in
898 391 1053 438 Sicilia
1078 391 1130 437 ab
1156 392 1482 456 Atheniensibus
1508 393 1642 454 desci-

369 459 446 506 vit.
486 457 599 519 Cap.
621 469 655 502 1.
680 456 955 517 Athenienses
976 457 1129 519 Pylum
1148 458 1191 502 in
1215 457 1494 522 Peloponneso
1525 475 1641 503 com-

367 524 644 570 munierunt,
679 523 720 565 dr
777 521 954 583 raefidio
974 525 1232 584 firmarunt.
1269 534 1352 567 111.
1389 521 1522 597 Quod
1542 540 1638 568 cum

370 599 489 632 terra
516 588 705 648 marique
734 539 1029 649 sseloponnefii
1054 598 1375 650 oppugnarent,
1404 587 1641 633 Athenien·-

348 653 475 714 stum
495 651 734 711 claſjissuis
751 667 865 715 opem
878 649 1057 713 ferens,
1080 651 1242 714 proelio
1261 651 1411 696 navali
1431 651 1641 716 Pelopon-

365 717 501 777 nffos
516 718 634 770 vicit.
667 727 782 761 XIV.
805 714 868 758 Eo
879 714 1005 778 fatto
1030 731 1125 759 cum
1149 714 1486 776 quadringentos
1507 718 1550 761 dr
1570 718 1640 762 vi·-

364 782 486 840 ginti
512 780 686 824 delectos
703 779 1022 841 Peloponncfios
1039 781 1081 824 in
1106 778 1247 838 insula
1264 780 1515 842 Sphafleria
1528 815 1543 828 ,
1562 797 1642 825 cu·-

364 847 434 889 ius
463 844 668 890 tutandae
700 843 830 903 vcausa
862 844 920 888 ibi
952 844 1083 888 locati
1099 842 1312 906 fuerant,
1337 861 1364 888 a
1379 844 1479 904 suis
1501 846 1638 890 inter·-

363 909 500 970 clusos
521 908 865 970 circumfiderent
878 907 1176 968 Athenienses:
1191 907 1544 953 Lacedaemonios
1551 926 1638 972 pa-

362 990 454 1019 cem
464 985 610 1037 petere
634 975 875 1033 coegerunt.
907 984 1003 1018 XV.
1025 970 1128 1045 Qua
1146 983 1332 1033 negata,
1350 973 1443 1036 1213st
1462 974 1636 1034 longam

364 1038 614 1100 ohfidionem
654 1038 824 1082 tandem
858 1038 1003 1098 egreffi
1034 1041 1078 1082 in
1115 1036 1300 1097 insulam
1331 1037 1634 1098 Athenienses,

361 1102 682 1166 Peloponnefios
695 1103 862 1166 partim
888 1101 1156 1149 occiderunt,
1181 1102 1345 1164 partim
1370 1104 1486 1148 vivos
1515 1119 1635 1165 cepe-

361 1179 480 1212 runt.
500 1178 743 1212 XXXVIII.
760 1165 857 1228 1)(ψί
877 1166 981 1211 haec
994 1165 1267 1226 Athenienses
1280 1165 1524 1211 Corinthios
1546 1179 1635 1211 ter-

361 1232 486 1294 restri
505 1230 667 1294 proelio
701 1232 745 1276 in
774 1230 954 1294 ipsorum
983 1232 1154 1291 regione
1168 1230 1413 1293 fuderunt,
1451 1230 1636 1293 Cythera

358 1296 548 1357 insulam
569 1295 916 1340 Lacedaemoniis
944 1297 1212 1359 eripuerunt,
1244 1294 1452 1355 Nisaeam
1479 1297 1521 1340 cb
1541 1297 1636 1341 lon-

356 1377 438 1422 gos
456 1375 598 1405 muros
610 1358 925 1421 Megarenfium
940 1371 1214 1423 occuparunt.
1230 1371 1356 1406 XLV.
1381 1359 1633 1423 Corcyraeo-

357 1424 622 1486 rumseditz‘o
641 1427 774 1486 finem
797 1426 971 1488 accepit.
996 1435 1195 1470 XLVIII.
1221 1435 1372 1470 Lxlv.
1390 1436 1539 1469 LXIX.
1556 1425 1632 1470 Si·-

357 1489 552 1550 cilienses
555 1487 755 1551 fatigati
773 1488 936 1534 diutino
957 1488 1084 1536 bello,
1100 1504 1249 1552 pacem
1268 1489 1380 1533 inter
1386 1488 1441 1549 se
1445 1488 1631 1552 foedus-

357 1571 438 1618 que
456 1553 676 1617 fecerunt.
706 1565 832 1599 LXV.
858 1553 1094 1614 Bufidas,
1124 1552 1483 1599 Lacedaemonius
1510 1554 1628 1603 dux,

352 1635 495 1684 parva
519 1634 614 1662 cum
638 1634 768 1663 manu
789 1634 870 1681 per
899 1617 943 1662 T
940 1617 1155 1679 heffizliam
1173 1618 1215 1662 in
1233 1617 1378 1677 socios
1394 1617 1631 1663 Athenien-

340 1685 467 1747 stum
484 1681 726 1746 profectus,
746 1683 955 1746 plurimos
982 1681 1033 1726 ab
1054 1697 1194 1726 eorum
1210 1682 1424 1742 societate
1443 1684 1628 1731 avertit,

357 1747 649 1811 Amphipolin,
664 1746 910 1807 Stagirum,
928 1746 1197 1793 Acanthum,
1219 1745 1263 1790 T
1258 1762 1433 1793 oronen,
1458 1747 1628 1808 aliaque

356 1814 497 1857 multa
524 1809 701 1874 oppida,
735 1811 942 1855 deditione
974 1811 1146 1873 accepit.
1178 1822 1366 1855 LXXIX,
1397 1823 1624 1858 LXXXIX.

358 1888 507 1922 CXVI.
531 1875 687 1922 ,Boeoti
704 1875 1001 1935 Athenienses,
1024 1876 1098 1936 qui
1119 1877 1336 1935 regionem
1354 1874 1534 1939 ipsorum
1555 1877 1628 1921 in·-

352 1941 483 2002 greffi
497 1939 678 1985 Delium
702 1943 1061 1987 communierant,
1077 1940 1239 2002 proelio
1263 1941 1306 1984 in
1329 1939 1488 2004 Oropia
1508 1940 1628 1987 devi-

353 2016 531 2053 cerunt,
567 2001 748 2049 Delium
776 2006 821 2051 vi
851 2015 1146 2067 expugnatum
1176 2015 1434 2068 receperunt.
1465 2015 1621 2052 XCVI.

358 2069 552 2115 Tandem
587 2068 782 2114 inducias
808 2068 1131 2114 Lacedaemonii
1162 2067 1510 2131 Atheniensesque
1541 2085 1623 2115 an-

352 2151 464 2180 meas
470 2133 631 2197 fecere.
643 2150 725 2197 per
750 2150 880 2196 quas.
899 2149 994 2178 cum
1010 2132 1159 2177 Scione
1179 2134 1220 2178 <lx
1235 2133 1393 2178 Menda
1421 2133 1542 2178 urbes
1562 2133 1624 2180 ad

352 2198 584 2260 Brasidam
609 2199 660 2242 ab
686 2197 1008 2260 Athenieifflbus
1044 2196 1310 2261 defeciffent‚
1343 2196 1621 2259 Athenienses

350 2265 545 2309 exercitu
561 2262 676 2324 miffiy
701 2262 902 2307 Mendam
923 2273 1192 2325 receperunt.
1213 2263 1391 2311 Scionen
1413 2261 1621 2326 olvfidione

351 2329 596 2394 tinxerunt.
631 2337 754 2375 cxv.
784 2338 931 2374 cxxx
960 2327 1038 2373 erc.
1186 2329 1192 2330 ⁷
