1728 3120
316 223 410 290 ηε
605 220 1298 269 THUCYDIDIS

313 318 494 382 λαβειν.
513 322 547 370 εἶ
573 339 667 385 γαρ
681 341 745 388 μη
763 314 995 380 ἒβοηθηο-αν
1012 322 1061 370 αἱ
1087 338 1171 379 νηες
1186 312 1259 369 ὃια
1275 313 1458 382 τοίχους,
1479 314 1588 390 ἅμα

313 390 374 447 ’ἕω
392 390 445 447 ἂν
461 395 615 457 εἶχε-το.

390 464 466 544 ρξ’.
494 467 638 522 Μετὶο
655 460 700 521 δε
718 492 836 521 τουτο
853 506 866 525 ,
885 472 904 520 5
913 491 999 559 μεν
1017 492 1077 521 τα
1096 470 1133 522 ἐν
1151 471 1201 535 τῖἱ
1218 468 1347 523 Ἠϊόνι
1369 474 1590 526 καθίστα-

313 571 384 603 το,
412 545 527 604 ὅπως
551 570 629 598 και
653 551 884 600 τοαυτίκα,
906 569 949 607 ην
967 548 1062 614 ἑπίη
1088 549 1107 596 5
1112 546 1375 639 Βρασίδας,
1397 570 1477 599 και
1498 543 1590 600 τοέ-

314 646 450 677 mam
463 621 695 686 ἀσφαλως
710 617 790 684 ἔξει
801 658 812 676 ,
831 621 1052 693 δεξάμενος
1066 645 1160 681 τους
1175 620 1495 685 ὲθελησαντας’
1473 645 1590 676 emro-

313 721 512 772 χωρησαι
534 696 681 751 ἄνωθεν
700 720 825 749 κατα
845 720 926 756 τας
945 697 1183 757 σπονδάς.
1167 722 1186 749 ο
1212 691 1280 754 ὃε,
1300 721 1400 771 προς
1423 722 1499 771 μεν
1517 719 1590 761 την

315 775 469 829 Ἠιονα
500 774 624 827 κατά,
655 795 701 826 τε
728 797 793 826 τον
825 795 1019 865 ποταμον
1049 777 1233 833 πολλοῖς
1262 775 1430 834 πλοίοις
1456 774 1589 839 ἄφνω

316 848 669 907 καταπλεύσας,
692 849 820 908 εἴπως
842 873 913 911 την
938 846 1226 946 προῦχουο-αν
1234 848 1371 944 ἄκραν
1397 848 1488 904 o'wro
1516 851 1590 905 τοῦ

315 934 481 991 τείχους
493 920 652 989 λαβων
661 964 673 982 ,
688 931 856 999 κρατοίη
867 927 938 977 τοῧ
952 923 1134 982 ’ἕο-πλον,
1150 948 1228 978 και
1242 948 1365 979 κατα
1381 926 1471 1016 γῆν
1474 932 1593 980 imo·

316 1026 537 1096 πειρασας
562 1024 689 1074 αμα,
715 999 1010 1099 αμφοτέρωθεν
1034 999 1332 1095 ἀπεκρούσθη.
1355 1024 1417 1055 τα
1435 994 1482 1056 ὃε
1496 1003 1592 1078 περὶ

316 1106 385 1143 την
398 1082 674 1150 Ἀμφίπολιν
688 1076 904 1170 ὲξηρτυετο.
918 1101 997 1131 και
975 1076 1224 1152 Μυρκινος
1242 1101 1288 1131 τε
1303 1079 1422 1153 αὐτῷ
1434 1103 1591 1154 προσ-ε·-

316 1156 528 1248 χῶρησεν,
546 1149 756 1216 Ἠδωνικη
775 1155 926 1214 πολις,
945 1155 1176 1208 Πιττακοῧ
1196 1155 1267 1208 τοῧ
1284 1155 1474 1210 ’Halo-‚mv
1493 1158 1592 1219 βοο-

318 1230 477 1292 σιλέως
492 1230 767 1290 αποθανοντος
779 1227 862 1283 ὑπο
877 1256 955 1285 των
969 1232 1012 1284 Γ
1013 1233 1148 1296 οαξιος
1159 1232 1322 1286 παίδων
1332 1270 1345 1289 ,
1359 1255 1437 1286 και
1416 1230 1592 1307 Βραυ·

317 1334 410 1386 ρους
442 1334 513 1372 της
549 1331 751 1376 γυναικος
788 1309 932 1361 αὐτοῦ
978 1330 1056 1362 και
1094 1308 1137 1361 Γ
1139 1306 1314 1376 αψηλος
1347 1313 1392 1363 οὐ
1427 1310 1592 1385 πολλῷ

319 1470 440 1498 unam
462 1456 664 1498 dumtaxat
685 1454 841 1496 noftem
860 1454 970 1496 stetit.
990 1454 1061 1496 nifi
1079 1456 1182 1496 enim
1206 1468 1327 1498 naves
1346 1458 1395 1498 ad
1418 1471 1536 1514 opem
1556 1458 1594 1500 ei

318 1527 516 1570 ferendam
547 1527 721 1569 celeriter
746 1525 959 1577 venissent,
984 1526 1217 1582 sunulatque
1239 1527 1318 1569 dies
1342 1528 1524 1571 illuxisset
1549 1530 1592 1571 in

318 1598 401 1639 eius
421 1597 650 1653 potestatem
671 1597 824 1638 reda&a
851 1596 989 1638 fuiffet.

374 1667 504 1708 CVII.
531 1666 669 1708 Postea
689 1681 789 1709 vero
800 1699 813 1718 ‚
831 1668 1083 1721 Thucydides
1102 1669 1260 1724 quidem
1279 1682 1342 1711 res
1357 1669 1483 1711 Elone
1499 1683 1598 1712 con·

319 1739 520 1789 stituebat‚
545 1750 591 1780 ut
614 1740 657 1781 δι
678 1740 718 1780 in
740 1739 948 1794 praesentia
961 1772 973 1790 ‚
997 1740 1027 1780 fi
1053 1739 1227 1782 Btafidas
1253 1754 1338 1782 eam
1371 1741 1597 1793 invaderem*

320 1813 367 1853 δι
390 1811 429 1851 in
450 1810 648 1866 posterum
669 1825 829 1867 quoque
848 1822 933 1853 tuta
955 1811 1066 1862 effet3
1083 1813 1247 1868 receptis
1269 1813 1333 1864 iis,
1355 1814 1423 1868 qui
1447 1827 1497 1855 ex
1513 1813 1596 1856 foe·

319 1881 414 1922 dere
441 1883 483 1923 δι
501 1881 704 1922 deditionis
728 1881 1015 1923 conditionibus
1037 1895 1087 1923 ex
1117 1881 1382 1936 superioribus
1406 1897 1452 1925 ac
1476 1884 1595 1925 medi-

318 1950 505 1991 terraneis
524 1950 624 1991 locis
643 1949 844 1992 abscedere
857 1950 1080 1992 voluerant.
1101 1949 1173 1991 Ille
1190 1964 1290 1993 vero
1301 1983 1314 2003 ,
1326 1953 1421 1995 cum*
1438 1954 1486 1995 ad
1505 1954 1598 1996 Eio-

319 2033 411 2062 nem
434 2019 605 2061 secundo
629 2020 789 2061 flumine
810 2034 901 2062 cum
926 2021 1057 2062 multis
1079 2021 1243 2075 navigiis
1267 2033 1427 2077 repente
1457 2023 1598 2066 veRus

319 2088 446 2130 fuiffet
461 2118 473 2138 ,
495 2088 525 2129 fi
544 2087 648 2131 forte
669 2089 815 2143 lingula
830 2118 842 2138 ,
860 2103 962 2143 quae
984 2102 1093 2130 mare
1113 2089 1248 2131 versus
1272 2103 1295 2131 a
1316 2091 1436 2132 muris
1455 2104 1597 2134 excur-

320 2161 374 2202 rit
388 2192 401 2210 ,
425 2170 644 2214 occupata,
667 2160 834 2201 fluminis
854 2159 956 2200 ostio
979 2161 1192 2216 potiretur,
1216 2161 1314 2216 quin
1337 2163 1478 2212 etiam,
1501 2175 1594 2204 cum

319 2243 407 2272 eam
427 2230 538 2272 fimul
558 2245 581 2271 a
604 2241 709 2271 terra
733 2230 932 2281 tentasset,
958 2232 1140 2286 utrinque
1167 2231 1222 2273 est
1241 2231 1425 2287 repulsus.
1450 2245 1595 2274 verum

321 2300 371 2341 ad
390 2313 452 2340 res
471 2298 809 2353 Amphipolitanas
828 2298 1068 2340 instruendas
1089 2297 1127 2340 se
1150 2299 1326 2341 contulit.
1355 2300 1406 2340 Et
1429 2300 1478 2341 ad
1500 2314 1594 2344 eum

320 2371 460 2414 defecit
479 2372 684 2430 Myrcious
705 2370 840 2412 civitas
854 2369 1088 2419 Edonenfis,
1113 2370 1262 2413 Pittaco
1284 2370 1511 2413 Edonorum
1536 2381 1594 2414 re·3

320 2453 372 2498 ge
388 2456 415 2498 'a
432 2442 582 2484 Goaxis
599 2442 726 2482 liberis
746 2442 787 2482 &
805 2442 954 2483 Braure
972 2439 1089 2496 ipfius
1109 2454 1236 2483 uxore
1256 2440 1380 2483 caeso.
1399 2454 1471 2483 nec
1489 2442 1592 2482 mul-

320 2523 367 2556 to
393 2511 480 2570 post
504 2513 547 2556 &
569 2512 756 2570 Gapselus
785 2512 827 2555 &
854 2510 1031 2568 Oesyme
1059 2512 1160 2555 idem
1188 2510 1383 2556 fecerunt:
1407 2511 1496 2555 sunt
1519 2525 1591 2557 att-⁵.
