1728 3120
364 193 455 243 ns
652 158 1341 244 THUCYDIDIS

346 293 514 359 ’ὁμοίως
533 292 664 351 σφίσι
679 289 912 353 ξυγγενεῖς.
934 286 1100 361 ηρξαντο
1116 311 1193 359 μεν
1206 286 1271 343 οὐν
1288 314 1366 342 και
1387 289 1497 351 εὐθυς
1511 316 1631 365 μετα

363 361 430 428 την
456 361 623 416 ἅλωσιν
650 363 786 415 αὑτων
810 363 1028 460 προίστειν
1057 369 1169 417 ἀλλ’
1195 372 1229 418 οἱ
1260 368 1462 428 Ἀθηναῖοι
1490 393 1630 428 nvn-coc

364 441 525 504 ηθελον,
549 436 595 492 εὖ
618 440 852 513 φερόμενοι,
875 442 946 492 ἐπ-ι
967 445 1017 506 τῇ
1042 444 1107 509 ἴση
1133 441 1472 497 καταλύεσθαι.
1497 456 1629 507 σφα-

363 516 513 571 λέντων
531 508 575 567 ds
594 519 732 568 αὐτων
753 514 823 568 ἐπι
845 541 905 588 τῳ
882 517 1075 589 Δηλίῳ
1087 556 1099 573 ,
1087 541 1404 608 παραχρημα
1421 544 1454 572 οι
1446 522 1630 574 ‘Acam-

364 592 584 683 δαιμόνιοι,
610 614 771 657 γνοντες
796 592 856 645 νῧν
877 606 1056 661 μαλλον
1077 617 1130 646 αν
1154 593 1444 665 ὲνιῖεέομένους,
1465 599 1631 650 ποιοῦν-

363 694 438 724 ται
456 692 525 730 την
549 665 744 720 ἒνιαυσιον
764 670 1014 740 ἐκεχειρίαν,
1036 671 1072 721 ὲν
1091 679 1112 735 ᾑ
1091 667 1208 723 ἔδει
1227 671 1429 735 ξυνιοντας
1442 696 1519 725 και
1539 671 1631 748 περι

362 748 433 799 τοῧ
452 750 639 801 πλείονος
655 766 794 833 χρονου
820 742 1141 806 βουλευεσθαι.
1655 745 1659 750 ’

441 846 535 873 ιστ.
556 813 728 880 Ἐπειὸη
744 814 788 872 δε
802 842 880 871 και
894 822 916 881 ἦ
933 823 970 873 ὲν
985 818 1304 892 Ἀμφιπόλει
1278 847 1399 885 »ιο-ιτα
1411 849 1493 884 τοις
1507 825 1632 887 Ἀθη·

364 903 487 956 ναίοις
506 893 746 961 ἐγεγένητο,
757 894 842 947 και
863 894 1054 958 ἐτεθνηκει
1073 895 1229 951 Κλέων
1242 921 1288 951 τε
1306 924 1384 953 και
1363 899 1629 992 Βρασίδας,

363 997 478 1042 οιπ-ερ
492 969 783 1044 ἀμφοτέρωθεν
798 971 1012 1043 μαλιστα
1023 974 1267 1034 ηναντιοῧντο
1279 999 1327 1041 τη
1342 976 1460 1049 εἱρηνη
1477 974 1523 1049 <
1507 1001 1526 1028 ο
1537 1000 1628 1056 μεν,

365 1047 493 1104 δια
452 1074 497 1103 το
515 1052 698 1112 εὐτυχειν
714 1070 759 1101 τε
778 1071 856 1100 και
874 1049 1139 1120 rapoto-&ast
1128 1071 1177 1102 εκ
1193 1051 1263 1102 τοῧ
1281 1056 1508 1123 πολεμειν,
1527 1078 1546 1105 ο
1534 1047 1629 1111 δὲ,

363 1123 582 1199 γενομένης
597 1128 782 1188 ἡσυχίας
797 1122 1169 1218 καταφανέστερος
1182 1125 1389 1198 νομίζων
1361 1153 1413 1182 αν
1431 1127 1529 1181 εἶναι
1541 1154 1630 1182 κα-

362 1226 572 1276 κουργων,
591 1224 668 1253 και
689 1223 960 1293 απιστοτερος
978 1201 1323 1297 δὶαβαλλων)
1307 1204 1399 1258 τὸτε
1418 1197 1493 1256 ὃε
1480 1203 1630 1258 eacan-{-

360 1304 419 1353 ρα
452 1303 500 1343 τη
533 1277 660 1330 πολει
697 1274 943 1336 σπευδοντες
977 1279 1250 1348 ταμαλιστα
1278 1305 1348 1342 την
1382 1284 1628 1353 ἡγεμονίαν,

361 1353 677 1417 Πλειστοαναξ
700 1375 745 1406 τε
769 1357 789 1405 ὁ
818 1353 1076 1408 Παυσανίου
1100 1354 1322 1418 βασιλευς
1340 1357 1628 1431 Λακεδαιμο-

358 1509 494 1552 iunffi.
527 1507 804 1563 Quamobrem
827 1507 942 1550 etiam
971 1508 1095 1551 statim
1122 1509 1209 1567 post
1230 1509 1333 1567 ipsos
1356 1524 1492 1568 captos
1514 1526 1629 1568 agere

358 1589 590 1634 coeperant:
619 1576 683 1617 sed
703 1576 977 1628 Athenienses,
1003 1578 1114 1632 quod
1137 1591 1219 1619 rem
1244 1577 1404 1620 feliciter
1429 1591 1628 1633 gererent,
1664 1579 1666 1583 ’
1714 1563 1716 1567 ¹

358 1649 504 1689 bellum
523 1647 659 1701 aequis
680 1648 970 1689 conditionibus
993 1649 1168 1690 nondum
1200 1649 1397 1704 deponere
1427 1650 1627 1692 volebant.

359 1718 435 1759 Sed
455 1731 544 1759 cum
568 1715 637 1772 ipfi
662 1716 807 1757 cladem
828 1717 875 1757 ad
892 1717 1053 1758 Delium
1070 1717 1318 1773 accepissent,
1335 1717 1536 1759 confestim
1557 1719 1629 1760 La·

358 1792 599 1835 ccdaemonii
611 1822 624 1839 ,
639 1791 746 1846 quod
765 1791 922 1839 scirent,
943 1802 1037 1833 tunc
1054 1790 1206 1833 facilius
1226 1790 1471 1840 admiffuros,
1484 1805 1647 1834 annuas.

358 1863 533 1905 inducias
547 1862 726 1904 fecerunt
737 1894 749 1913 ,
767 1875 837 1918 per
855 1876 1022 1917 quarum
1035 1872 1190 1917 tempus
1207 1861 1415 1916 oportebat
1430 1860 1628 1916 colloquia

356 1933 542 1975 habentes
561 1932 609 1974 de
627 1932 806 1988 longiore
826 1932 929 1987 pacis
950 1942 1126 1986 tempore
1143 1928 1374 1972 consultare.

412 2005 524 2046 XVI.
550 2002 685 2045 Postea
703 2015 805 2045 vero
827 2015 943 2057 quam
966 2001 1008 2042 &
1031 2001 1078 2041 ad
1099 1999 1356 2055 Amphipolin
1376 1997 1628 2040 Athenienses

352 2075 505 2120 cladem
521 2085 778 2130 acceperunt,
800 2073 843 2115 δι
865 2073 992 2115 Cleon
1011 2073 1053 2114 δι
1072 2072 1250 2113 Brafidas
1269 2081 1436 2112 mortem
1458 2071 1630 2126 oppetie-

353 2154 470 2192 runt,
488 2143 556 2197 qui
576 2143 763 2196 utrinque
781 2141 866 2196 paci
886 2141 1054 2181 maxime
1075 2138 1401 2186 adversabantur,
1426 2137 1516 2192 (hic
1541 2140 1628 2193 qui-

354 2214 464 2266 dem,
483 2212 593 2266 quod
615 2225 698 2252 rem
719 2212 761 2251 in
781 2210 886 2251 bello
909 2209 1069 2251 feliciter
1090 2219 1239 2264 gereret
1251 2240 1264 2259 ,
1283 2221 1329 2249 ac
1348 2208 1520 2249 honores
1541 2209 1628 2250 ideo

354 2283 677 2339 consequeretur:
706 2282 771 2323 ille
793 2295 894 2323 vero
910 2313 921 2332 ,
945 2282 1053 2336 quod
1078 2281 1196 2322 rebus
1226 2280 1371 2336 pacatis
1396 2279 1462 2321 sua
1485 2279 1628 2335 flagitia

354 2351 615 2395 manifestiora
649 2350 735 2392 fore
749 2382 762 2400 ,
797 2350 983 2405 suamque
1015 2350 1282 2391 auetoritatem
1308 2349 1347 2389 in
1373 2349 1629 2391 obtrectando

331 2424 600 2466 simminutum
630 2422 678 2463 iri
706 2423 890 2478 putaret)
924 2434 1021 2463 tunc
1051 2435 1153 2463 vero
1180 2423 1221 2461 in
1247 2432 1417 2476 utraque
1443 2421 1628 2471 civitate,

353 2493 458 2545 duo,
481 2493 551 2549 qui
579 2493 626 2534 ad
654 2492 915 2548 principatum
952 2493 1124 2534 maxime
1154 2491 1420 2547 properabant
1431 2521 1445 2542 ‚
1468 2489 1629 2531 Plistoa-
1695 2496 1699 2500 ’
