1728 3120
362 193 458 256 ηε
652 190 1340 244 THUCYDIDIS

361 311 441 359 μον
470 309 617 340 τσιυτσι
647 283 839 354 λὲγωσ-ιν
857 326 870 344 ,
905 288 1232 355 ἐπαγάγωνται
1259 314 1306 343 ro
1333 288 1519 353 πληθσς,
1548 289 1629 346 uas

361 364 599 428 immo-&n
579 390 600 425 η
615 365 814 437 Ἀμγείων
827 365 1083 434 ξυμμσιχίίι
1099 368 1360 435 μηχσινῖιτοιι
1375 359 1420 419 δε
1435 391 1534 441 προς
1546 372 1630 420 ‹zi›-

360 464 454 499 τους
472 440 614 492 atowe
633 464 672 492 τι
689 444 707 490 ὁ
724 441 1024 502 Ἀλκιβιάδης·
1045 466 1137 500 τους
1152 442 1515 512 Λσικεδσιιμονίους
1532 450 1630 496 πεί-

361 519 441 572 θει,
461 522 605 568 πίστιν
618 519 758 574 αὐτοῖς
774 510 926 574 douc,
902 541 944 578 ην
961 541 1024 587 μη
1041 517 1364 589 ὁμολογησωσιν
1380 521 1415 571 ἐν
1431 543 1492 592 τῳ
1469 518 1629 591 ὃημῳ

361 592 659 685 αὐτοκράτομες
677 614 807 652 ηκειν,
826 590 978 646 Πυλον
991 615 1035 645 τε
1052 597 1191 653 αὐτοῖς
1207 594 1455 648 {madano-etv.
1470 602 1629 648 πείσειν

360 690 457 736 γσιρ
483 663 608 726 αὐτος
636 666 923 728 ’ΜΑθηνσιιους
890 689 1036 736 ωσπερ
1063 693 1141 722 και
1170 671 1233 723 ν’ὖν
1257 668 1518 737 ἀντιλέγειν,
1547 694 1628 724 nota

360 745 525 796 τάλλσι
547 743 842 806 ξυνσιλλσιξειν.
869 745 1125 815 βουλομενσς
1153 738 1198 797 δε
1226 745 1378 805 σιύτσυς
1400 749 1554 800 Νικίου
1581 769 1629 800 τε

362 818 614 881 &mmm-ou
625 857 637 874 ,
651 819 796 870 τσιῧτσι
816 815 998 907 ἔπμσιττε
1010 859 1022 878 ,
1038 844 1114 873 κσιι
1131 820 1245 881 ὅπως
1262 826 1298 876 ἐν
1316 847 1377 896 τῳ
1354 822 1523 912 δημῳ
1535 824 1629 876 διοι-

360 889 521 959 βώλων
546 893 695 954 οιύτσυς
713 896 768 954 ὡς
793 886 904 948 σύὃεν
931 889 1115 958 ἄληθες
1104 920 1140 950 εν
1158 899 1211 971 vc}
1230 896 1394 962 ἔχουσιν
1407 937 1419 955 ,
1442 891 1530 952 οὐδε
1551 897 1631 952 λε-

361 994 511 1039 γουσιν
540 967 729 1025 οὐδέποτε
759 994 905 1025 τάυτσι
922 1009 935 1028 ,
968 997 1062 1032 τους
1091 975 1302 1066 Ἀργείους
1329 998 1408 1027 κσιι
1433 975 1630 1035 Ἠλείους

361 1071 440 1101 κσιι
469 1044 717 1106 Μσιντινέσις
735 1047 997 1117 ξυμμάχους
1015 1072 1179 1117 mana-n,
1205 1073 1284 1104 κσιι
1307 1047 1466 1117 ἐγένετο
1486 1052 1628 1114 οὕτως.

360 1119 505 1186 ἐπειδη
524 1146 617 1192 γσιρ
633 1121 728 1183 ἒς
687 1147 752 1176 τον
768 1123 895 1193 ὃημον
909 1124 1207 1198 πσιμελθοντες,
1229 1149 1306 1178 nom
1325 1128 1630 1202 ὲπεμωτωμενοι

362 1205 438 1254 οὐκ
454 1198 633 1262 {swan-ow
655 1196 726 1272 <”
695 1223 840 1269 ωσπερ
860 1203 897 1253 ἒν
919 1225 966 1265 τη
944 1197 1165 1271 βουλῇ)
1179 1203 1478 1294 αὐτοκράτομες
1495 1227 1626 1266 ηκειν,

359 1284 396 1332 οἱ
425 1277 627 1339 Ἀθηναιοι
658 1272 792 1330 οὐκετι
826 1278 1040 1341 ἠνείχοντο·
1077 1275 1215 1330 σιλλσι
1241 1280 1312 1331 τσῧ
1339 1280 1630 1343 Ἀλκιβιάδου

356 1423 578 1475 cutiebant,
597 1436 668 1473 ne,
690 1423 720 1465 ss
743 1424 791 1465 ad
812 1424 1003 1479 populum
1021 1424 1115 1467 haec
1136 1425 1215 1480 ipsa
1233 1425 1464 1477 retulissent,
1478 1427 1629 1483 plebem

358 1494 555 1537 allicerent
566 1527 578 1545 ,
595 1495 639 1536 δι
655 1494 900 1549 Argivorum
920 1492 1082 1536 societas
1102 1493 1355 1549 respueretur.
1376 1495 1451 1537 Sed
1463 1496 1631 1538 Alcibia-

357 1566 425 1608 des
457 1565 679 1607 huiusmodi
699 1564 875 1606 fraudem
902 1563 1084 1605 adversus
1107 1563 1210 1619 ipsos
1234 1566 1486 1607 machinatur.
1511 1566 1631 1608 Lace-

357 1639 592 1688 daemoniis,
611 1637 687 1679 fide
705 1636 792 1693 ipsis
816 1637 921 1685 data,
943 1635 1165 1690 persuadet,
1178 1649 1228 1677 ne
1249 1649 1382 1678 coram
1403 1635 1554 1691 populo
1572 1635 1633 1679 ἴε·-

359 1719 538 1758 teantur‚
561 1708 600 1750 se
611 1721 702 1750 cum
722 1706 871 1765 summa
890 1705 1079 1762 potestate
1097 1706 1263 1748 venisse:
1281 1708 1389 1762 quod
1401 1706 1429 1747 fi
1443 1705 1629 1756 fecerint,

356 1778 397 1820 se
419 1778 563 1831 Pylum
591 1775 681 1832 ipsis
711 1776 949 1818 redditurum
962 1805 975 1826 ,
1009 1776 1077 1830 (se
1100 1777 1204 1817 enim
1227 1777 1306 1818 hoc
1330 1777 1627 1819 Atheniensibus

357 1845 623 1903 persuasurum
636 1876 649 1895 ,
663 1845 988 1899 quemadmodum
1008 1846 1049 1886 &
1068 1856 1161 1887 tunc
1184 1844 1223 1887 se
1241 1846 1551 1887 Lacedaemoniis
1566 1847 1630 1887 ad-

356 1916 503 1959 versari
528 1914 703 1964 dicebat)
734 1915 777 1955 &
808 1926 954 1956 ceteras
988 1914 1277 1957 controversias
1306 1914 1630 1970 compofitumm.

356 1989 468 2032 Haec
496 1997 626 2028 autem
649 1999 699 2027 eo
725 1984 888 2027 confilio
913 1986 1074 2040 agebat,
1096 1997 1141 2027 ut
1161 1986 1486 2027 Lacedaemonios
1510 1998 1535 2026 a
1558 1981 1631 2044 Νῖ-7

356 2061 420 2103 cia
439 2059 644 2107 alienaret,
665 2068 786 2112 utque
806 2058 908 2112 apud
929 2057 1121 2113 populum
1140 2056 1242 2113 ipsos
1264 2057 1508 2110 criminatus,
1521 2053 1628 2112 quod

356 2132 453 2175 nihil
474 2131 610 2173 finceri
629 2131 669 2170 in
693 2130 825 2171 animo
850 2130 1058 2179 haberent,
1079 2142 1151 2170 nec
1175 2129 1310 2170 eadem
1338 2141 1511 2184 unquam
1529 2129 1628 2172 dice-

356 2213 464 2250 rent,
491 2201 737 2256 Argivorum
758 2202 800 2243 &
821 2201 1006 2242 Eleorum
1029 2201 1072 2241 δι
1090 2199 1381 2240 Mantineorum
1405 2197 1627 2239 societatem

354 2271 592 2315 conciliaret.
618 2271 666 2312 Et
700 2272 753 2312 ita
787 2270 932 2312 evenit.
961 2270 1063 2310 Nam
1092 2282 1184 2310 cum
1215 2268 1331 2321 legati
1359 2267 1406 2308 ad
1434 2268 1627 2329 populum

354 2341 614 2399 proceffiffent
628 2373 640 2391 ,
665 2342 955 2395 &interrogati
979 2354 1059 2381 non
1089 2338 1286 2386 dixissent,
1305 2341 1379 2392 (ut
1404 2338 1444 2378 in
1463 2337 1627 2394 senatu)

355 2411 394 2453 se
419 2424 509 2452 cum
529 2409 676 2451 summa
700 2408 890 2464 potestate
921 2408 1091 2459 venisse,
1117 2420 1213 2450 tunc
1242 2421 1343 2450 vero
1370 2407 1627 2451 Athenienses

354 2481 458 2524 haud
481 2480 642 2536 amplius
663 2479 819 2522 illorum
840 2478 1136 2521 inconstantiam
1160 2477 1349 2520 tulerunt:
1374 2475 1437 2520 sed
1460 2477 1631 2539 Alcibiay,
