1728 3120
377 176 474 238 5ffi
585 174 1454 226 ANNOTATIONES

375 261 654 314 στρατοπέέοω
675 265 843 306 Μελέτην
864 267 1112 306 meditationem
1133 276 1305 307 verterat
1324 266 1439 307 Valla
1446 281 1458 316 ;
1483 266 1644 307 exercita-

376 316 498 356 tionem
521 317 759 371 Stephanus:
784 333 885 373 quae
905 321 1067 361 retinere
1091 330 1274 375 potuerat
1294 320 1446 360 Portus.
1474 321 1587 373 Usum
1605 323 1642 360 ᾧ

378 371 671 420 exercitationem,
698 373 878 413 Aeacius.

435 424 526 478 Pag.
555 438 644 479 315.
673 426 699 464 l.
727 439 758 478 5.
783 425 878 467 Ὑπὸ
908 423 1078 469 adm&
1100 426 1252 468 πολλῶν
1284 425 1379 478 νόμῳ
1399 426 1642 480 ἐγκαθεστῶ-

379 477 485 531 των)
505 478 647 529 Νόμου,
659 481 767 534 quod
788 480 843 520 est
862 481 902 520 in
919 481 1022 521 Clar.
1043 481 1141 522 Cass'.
1164 483 1205 522 δι
1219 482 1290 523 Gr.
1310 483 1363 521 ita
1384 480 1531 521 defendi
1579 492 1643 521 ot-

381 529 438 569 est
450 562 464 578 ,
484 542 528 571 ut
550 544 597 573 ea
621 546 705 573 vox
725 547 805 573 non
826 547 899 588 pro
920 535 1004 589 lege
1022 536 1226 590 accipiatur
1246 549 1333 576 cum
1351 535 1544 588 interpreti
1573 548 1644 584 us,

377 582 443 624 sed
466 599 540 639 pro
566 599 690 627 nomo
722 587 893 637 musico,
916 589 959 629 &
994 589 1087 629 haec
1117 586 1400 642 coniungantur
1429 586 1502 627 ὑπὸ
1533 588 1644 639 νόμου

379 638 534 679 πολλῶν
553 635 738 682 αὐλητῶν.
757 641 876 694 Quae
893 640 1117 695 significatio
1135 645 1245 683 vocis
1264 642 1370 695 νόμος
1387 642 1499 682 etiam
1518 652 1646 682 reten-

380 701 427 732 to
445 692 582 733 dativo
609 695 703 745 νόμῳ
729 708 884 736 manere
912 695 1046 748 potest.
1068 696 1168 736 Nam
1194 697 1288 736 haec
1320 696 1398 736 fine
1429 694 1642 737 discrimine
1682 720 1685 723 ·

381 744 553 787 secundo
573 747 616 788 &
641 749 757 789 tertio
785 748 873 790 casu
892 749 1085 790 dicuntur.
1110 749 1266 790 Hefiod.
1288 748 1388 790 ἄσπ.
1414 763 1453 789 ν.
1481 749 1578 798 280,
1600 748 1644 788 Αἱ

383 797 423 838 θ’
437 795 510 840 ὑπὸ
527 801 759 868 φορμίγγων
770 803 913 864 Siva-yfir
927 805 1038 858 χορον
1050 803 1247 857 ἱμερόεντα.
1263 803 1457 858 Aristoph.
1473 803 1644 844 Acharn.

381 866 426 894 v.
455 867 582 902 1000,
602 861 722 897 Πινειν
742 859 814 896 verb
833 872 900 899 της
920 860 1164 951 σάλπιγξεν.
1187 859 1391 898 Anacreon
1410 857 1540 897 Carm.
1561 856 1644 906 VI,
1701 890 1705 893 t

381 905 480 946 Ὓπο
504 908 663 963 βαρβίτῳ
689 910 847 965 χορεύει.
877 911 1072 952 Lucianus
1134 910 1194 951 ial.
1213 910 1337 951 Deor.
1362 925 1398 966 p.
1423 910 1526 962 187,
1551 909 1642 948 ‘Tor’

383 956 490 1011 αὖλῷ
512 963 577 1002 καὶ
606 965 821 1014 τυμπάνοις
849 964 1006 1019 εὔρυθμα,
1031 965 1163 1012 βαίνει.
1188 965 1235 1005 Et
1258 965 1354 1005 haec
1376 965 1644 1018 interpretatio

383 1027 437 1055 ex
463 1028 514 1056 eo
535 1016 755 1058 confirmari
778 1019 956 1067 videtur,
984 1019 1090 1072 quod
1117 1032 1210 1059 mox
1240 1019 1343 1058 addit
1365 1018 1645 1070 Thucydides,

379 1064 422 1109 οὗ
444 1068 516 1109 τοῦ
544 1070 641 1111 θείου
665 1071 799 1124 χάρινε
826 1073 934 1126 quod
958 1072 1181 1114 Scholiastes
1202 1073 1363 1126 exponit
1388 1068 1526 1124 ὕμνου;
1550 1084 1642 1111 nam

379 1122 488 1175 νόμος
522 1124 576 1164 est
600 1125 773 1179 hymnus
803 1126 1011 1174 Deorum,
1041 1138 1086 1168 ut
1118 1125 1341 1167 Scholiastes
1377 1125 1645 1179 Aristophanis

382 1177 514 1231 Equit.
532 1193 572 1220 v.
602 1193 649 1232 9,
674 1179 717 1219 δε
741 1193 792 1220 ex
823 1193 873 1221 eo
896 1180 1051 1234 aliisque
1077 1180 1327 1235 Spanhemius
1351 1179 1397 1219 ad
1422 1178 1660 1226 Callimach„

380 1230 534 1283 Hymn.
553 1233 593 1272 in
607 1232 750 1273 Delum
767 1233 941 1275 ostendit.
958 1235 1042 1275 Nec
1055 1246 1183 1275 tamen
1196 1234 1312 1288 plane
1327 1233 1542 1292 improbem
1554 1246 1645 1273 ver-

381 1283 530 1326 sionem
556 1288 805 1341 interpretum
831 1305 875 1328 ex
896 1290 975 1342 lege.
1007 1289 1098 1329 Erat
1121 1289 1247 1336 enim,
1272 1298 1315 1328 ut
1344 1288 1396 1328 ai't
1420 1286 1643 1340 Xenophon

380 1338 430 1379 de
454 1340 799 1382 Lacedaemonior.
823 1342 988 1397 Republ.
1012 1343 1051 1382 in
1071 1342 1149 1382 fine
1162 1372 1175 1389 ‚
1195 1342 1319 1392 νόμος,
1341 1337 1468 1381 αὖλεῖν
1483 1340 1642 1380 πάντας

334 1403 336 1405 ·
381 1392 471 1434 τοὺς
490 1395 684 1448 παρόντας
706 1394 892 1437 αὐλητάς.
916 1396 1100 1452 Respexit
1122 1396 1170 1436 ad
1195 1396 1298 1436 hunc
1326 1394 1456 1436 locum
1486 1394 1644 1436 Servius
1670 1422 1675 1425 —

381 1447 430 1487 ad
451 1449 588 1503 virgil.
611 1449 707 1489 VIII
723 1451 882 1491 Aeneid.
915 1465 951 1491 2.

438 1506 514 1543 ead.
531 1504 556 1543 l.
576 1503 611 1543 6.
632 1506 744 1544 Μετὰ
759 1502 919 1559 ῥυθμοῦ)
935 1504 1036 1546 Vide
1048 1503 1258 1557 Polybium
1276 1502 1380 1559 apud
1397 1502 1646 1543 Athenaeum

381 1555 499 1604 XIV,
525 1569 557 1609 5.
579 1557 807 1598 Saltantium
823 1559 863 1598 in
880 1572 1028 1599 morem
1047 1558 1314 1613 Aristophanis
1334 1557 1464 1599 verbis
1485 1556 1584 1597 Plut.
1602 1570 1646 1598 v.

381 1609 490 1661 758:
515 1611 715 1652 ἐκτυπεῖτο
744 1611 791 1652 se
818 1613 958 1664 Ἐμβὲις
984 1614 1162 1674 zephirum»
1186 1608 1365 1666 εὗρύθμοις·
1394 1608 1646 1666 προβῆμοισιν.

383 1661 529 1705 Pollux
554 1664 630 1712 111,
654 1680 705 1718 92
718 1694 732 1712 ‚
753 1669 859 1718 μετὰ
880 1666 1012 1719 ῥυθμου
1037 1667 1198 1713 βαίνοιεν.
1221 1666 1320 1707 male
1334 1695 1346 1713 ‚
1365 1678 1439 1720 pro
1460 1665 1644 1711 βαίνοντες

381 1718 595 1769 προέλθοιεν.
608 1721 755 1759 WASS.
776 1720 840 1761 De
862 1720 990 1761 iisdem
1013 1720 1236 1772 Polyaenus
1258 1718 1299 1769 I,
1325 1732 1391 1760 10:
1409 1722 1502 1773 Προς
1517 1720 1560 1758 τὶ
1578 1717 1646 1769 μέ-

386 1781 452 1811 λος
474 1773 537 1813 ιιοιὶ
555 1775 619 1813 τὸν
640 1772 768 1826 ῥυθμον
794 1774 1025 1825 ἐμβαίνοντες
1043 1774 1216 1829 ἄῤῥηκτοι
1235 1772 1304 1814 τὴν
1325 1771 1437 1825 τάξιν
1462 1772 1644 1826 ἐγένοντο.

382 1824 434 1865 Et
453 1827 646 1868 Lucianus
662 1828 709 1868 de
729 1828 858 1868 Saltat.
879 1844 919 1884 p.
937 1841 1035 1881 790:
1049 1822 1228 1869 Ἅποιντοι
1239 1829 1345 1878 μετὰ
1355 1824 1502 1878 μουσῶν
1518 1823 1644 1866 ποιοῦ-

356 1922 360 1930 A
380 1894 465 1927 σίν,
487 1881 586 1935 ἄχρι
606 1879 675 1922 τοῦ
692 1882 869 1934 πολεμεῖν
888 1886 978 1935 πρὶς
1000 1880 1114 1923 οιῦλον
1128 1882 1192 1921 καὶ
1210 1881 1360 1933 ῥυθμον,
1378 1881 1442 1919 καὶ
1464 1878 1646 1919 εὔτακτον

380 1932 539 1985 ἔμβασιν
560 1933 627 1975 τοῦ
646 1936 780 1976 oreste.
799 1936 876 1978 Pro
894 1936 1095 1992 προέλθοιεν
1115 1935 1266 1977 Gellius
1281 1936 1323 1976 δι
1342 1933 1565 1976 Scholiastes
1578 1933 1652 1973 ha-

382 1987 477 2028 bent
502 1989 741 2043 προσέλθοιεν.

438 2047 511 2083 ead.
535 2045 559 2086 l.
580 2043 617 2084 8.
635 2047 693 2084 Τὲι
713 2044 906 2099 μεγάλοι)
921 2044 977 2084 Ita
994 2043 1080 2085 Mff.
1100 2053 1212 2084 antea
1223 2042 1414 2097 μέγιστοι.
1438 2039 1540 2094 Quo
1557 2039 1645 2095 plu-

381 2109 468 2143 res,
490 2110 540 2137 eo
562 2099 687 2139 minus
706 2099 873 2146 ordinis,
902 2099 1038 2139 turbae
1055 2097 1278 2153 plurimum.
1298 2098 1446 2137 WASS.
1469 2094 1643 2147 Μεγάλαι

382 2152 499 2191 etiam
520 2152 692 2200 Gellius,
715 2153 757 2193 δι
779 2153 895 2193 ποιεῖν
914 2154 950 2193 ἑν
973 2152 1061 2192 ταῖς
1081 2151 1287 2206 προσόδοις.
1308 2149 1430 2189 Ποιεῖν
1447 2148 1562 2189 Valla
1587 2147 1645 2188 sa·

382 2205 434 2247 tis
455 2205 558 2246 reae
579 2207 696 2247 vertit
713 2207 868 2248 accidere.
886 2206 1160 2261 Aristophanes
1184 2204 1282 2262 Plu‘tx.
1302 2202 1399 2244 vers.
1425 2214 1546 2262 1305:
1569 2200 1645 2241 Καὶ

381 2260 456 2312 μὴν
478 2259 578 2301 πολὺ
597 2260 669 2300 τῶν
691 2263 820 2301 ἄλλων
840 2260 992 2314 χυτρῶν
1013 2259 1199 2300 τάναντία,
1222 2259 1342 2298 Αὑτοιι
1363 2270 1522 2296 ποιουσι.
1546 2255 1645 2295 Ean-

385 2314 473 2358 dem
490 2313 804 2368 fignificationem
827 2313 896 2355 τοῦ
918 2313 1035 2355 ποιεῖν
1056 2323 1154 2368 puto
1179 2311 1253 2353 effe
1273 2312 1314 2350 in
1336 2323 1409 2357 eo,
1427 2308 1534 2362 quod
1552 2322 1647 2363 pau-

383 2368 428 2412 lo
450 2369 537 2422 post
571 2369 661 2410 dicit
684 2369 956 2421 Thucydides,
978 2370 1036 2406 Τὰ.
1070 2364 1327 2420 στρατόπεδα.
1353 2363 1458 2404 ποιεῖ
1480 2362 1548 2414 μὲν
1574 2362 1646 2402 xer.)

385 2420 554 2463 ἅπαντα
564 2421 684 2463 τοῦτο.
703 2423 803 2463 Nam
817 2423 992 2476 loquitur
1004 2421 1050 2462 de
1063 2433 1113 2461 eo
1121 2451 1135 2468 ‚
1149 2419 1258 2473 quod
1277 2419 1316 2458 in
1327 2415 1649 2477 concursu-proe-

384 2474 427 2519 lii
452 2476 623 2520 accidere
646 2476 743 2520 solet
765 2476 1020 2526 exercitibus,
1049 2487 1132 2516 non
1161 2483 1206 2516 ut
1238 2472 1377 2514 Portus
1405 2482 1577 2526 accepit,
1605 2469 1654 2511 de
