1728 3120
167 604 291 652 Aprili.

365 214 474 264 29<>v
656 197 1346 247 THUCYDIDIS

365 290 536 348 Βοιωτοι
560 289 837 366 παρέλαβον,
865 289 943 346 και
963 291 1361 359 Ηγηο-ιππίὸαν
1317 318 1383 349 τον
1400 295 1631 350 Λακεδαια

364 370 518 444 μὸνιον,
548 372 603 429 ὡς
629 374 674 421 οὐ
704 383 859 428 καλως
890 369 1100 461 ἄρχοντα,
1129 367 1396 441 ἐξέπεμψαν.
1422 372 1630 431 δείσαντες

363 439 434 503 effi,
455 442 772 520 παρέλαβον
732 470 777 498 το
797 451 1025 536 χωρίον,μ
986 470 1049 516 μη
1025 440 1477 518 χ’χΛακεὸαιμονιων
1433 471 1494 499 τα
1507 469 1632 500 κατα

364 523 686 583 Πελοποννησον
711 519 1052 595 θορυβουμένων,
1074 522 1274 584 Ἀθηναῖοι
1293 525 1494 586 λαβωσι.
1520 526 1632 576 Λα·-

363 599 612 669 κεὸαιμὸνιοι
633 594 770 668 μέντοι
791 600 1002 669 ωργίζοντο
1022 602 1174 657 αὐτοῖς.
1200 623 1279 651 και
1303 625 1375 652 του
1399 604 1526 652 αὐτου
1501 595 1631 652 »92-

365 700 453 750 ρους
469 674 794 736 Ἀλκιβιαὸης
778 697 797 724 ο
816 673 1033 730 Κλεινίου,
1055 697 1293 747 στρατηγος
1312 700 1364 729 ων
1384 677 1630 737 Ἀθηναίων,

362 753 563 824 Ἀργείων
582 774 660 802 και
676 773 755 802 των
775 749 1025 819 ξυμμάχων
1042 751 1422 823 ξυμπραο-σοντων,
1445 745 1600 804 ἐλθων
1589 773 1630 809 ες

360 827 682 887 Πελοποννησον
699 828 796 895 μετ’
815 830 974 890 ὀλίγων
993 826 1211 886 Ἀθηναίων
1231 827 1437 883 ὁπλιτων,
1462 825 1540 880 και
1559 849 1630 879 το-·

360 903 508 967 ἔοτων,
533 926 611 955 και
633 926 712 954 των
737 899 900 953 αυτοθεν
929 902 1200 993 ξυμμάχων,
1222 926 1300 955 και
1318 897 1630 977 παραλαβων,

359 1004 420 1032 τα
441 1003 486 1032 τε
506 978 642 1031 οίλλα
660 979 928 1043 ξυγκαθίστη
955 1000 1049 1049 περι
1073 1002 1143 1039 την
1171 980 1456 1050 ξυμμαχίαν,
1477 980 1631 1031 διαπο-

359 1078 567 1130 ρευομενος
590 1053 911 1114 Πελοποννησον
935 1056 985 1118 τῆ
1008 1076 1214 1126 στρατια,
1241 1078 1320 1107 και
1351 1052 1560 1148 Πατρεας
1582 1076 1630 1107 τε

359 1139 480 1200 τείχη
506 1127 738 1184 καθειναι
714 1152 876 1183 επειο-εν
899 1152 938 1187 ες
957 1129 1214 1183 &emanere-ow
1227 1167 1241 1187 ,
1263 1155 1342 1183 και
1362 1127 1486 1190 αὐτος
1507 1153 1630 1221 ετερον

357 1208 535 1261 ὃιενοειτο
556 1213 749 1271 τειχίσαι
770 1203 842 1258 ἐπ-ι
862 1230 922 1258 τω
938 1205 1038 1257 Ρίω
1054 1229 1115 1258 τω
1131 1207 1352 1280 Ἀχαικω.
1375 1208 1566 1298 Κορίνθιοι
1585 1198 1631 1258 δε

357 1307 438 1336 και
460 1285 709 1339 Σικυώνιοι,
730 1304 808 1334 και
828 1280 884 1341 οἱς
905 1276 947 1345 ἦν
969 1303 1006 1335 εν
1020 1282 1188 1351 βλαβη
1211 1275 1458 1348 naxio-Seu,
1474 1281 1629 1348 βοηθη-

351 1383 506 1420 σαντες
528 1359 805 1413 δὶεκωλυσαν.

352 1508 394 1549 in
420 1507 538 1549 fidem
561 1506 670 1549 suam
700 1517 951 1562 receperunt,
981 1506 1023 1547 &
1049 1505 1347 1561 Hegefippidam
1370 1506 1629 1549 Lacedaemo-

351 1579 465 1618 nium
478 1609 492 1629 ,
514 1588 560 1618 ut
582 1590 785 1634 perperam
810 1589 872 1617 res
896 1576 978 1617 illas
1009 1575 1332 1617 administrantem
1345 1607 1358 1626 ,
1381 1576 1627 1631 expulerunt.

351 1652 469 1692 Hanc
485 1660 618 1691 autem
641 1649 777 1690 urbem
799 1659 1050 1703 receperunt,
1062 1649 1201 1696 veriti,
1221 1661 1294 1698 ne,
1310 1647 1628 1690 Lacedaemoniis

350 1720 606 1776 Peloponnesi
638 1719 813 1761 tumultu
840 1719 1002 1760 turbatis
1022 1750 1035 1769 ,
1062 1717 1315 1760 Athenienses
1339 1731 1427 1759 eam
1453 1731 1630 1772 occupa-

286 1832 294 1841 s
351 1800 450 1830 rent.
475 1789 768 1830 Lacedaemonii
790 1799 921 1828 tamen
948 1785 1037 1841 ipsis
1059 1798 1169 1827 erant
1197 1787 1294 1828 irati.
1316 1787 1459 1828 Eadem
1487 1787 1629 1828 aestate

351 1858 573 1901 Alcibiades
595 1859 747 1900 Cliniae
772 1857 878 1898 filius
893 1887 907 1907 ,
933 1855 1228 1898 Atheniensium
1258 1858 1361 1905 dux,
1394 1857 1555 1912 Argivis
1582 1871 1630 1900 ac
1696 1860 1700 1863 ’

351 1928 463 1971 sociis
503 1943 596 1971 eum
632 1928 903 1970 adiuvantibus
919 1956 932 1977 ,
975 1927 1018 1967 in
1058 1925 1371 1981 Peloponnesum
1403 1926 1628 1982 profe&us‚

353 2015 446 2043 cum
467 2003 598 2057 paucis
625 2002 754 2056 gravis
776 2011 994 2043 armaturae
1022 1999 1206 2041 militibus
1232 1999 1555 2049 Athenienfibus,
1581 1999 1628 2042 δι

352 2070 573 2125 sagittariis,
595 2071 636 2112 &
649 2071 783 2121 sociis,
791 2084 905 2126 quos
925 2071 1028 2112 illinc
1048 2069 1289 2121 assumserat,
1305 2080 1389 2112 tum
1407 2069 1502 2121 alia,
1523 2083 1627 2125 quae

353 2143 402 2184 ad
426 2141 647 2184 societatem
678 2144 944 2199 pertinebant,
968 2141 1186 2191 constituit,
1216 2154 1286 2196 per
1317 2140 1480 2182 mediam
1513 2139 1629 2182 Pelo·
1692 2145 1699 2150 ’

352 2211 567 2268 ponnesum
588 2226 680 2254 cum
704 2212 828 2268 copiis
852 2212 923 2252 iter
944 2211 1111 2261 faciens,
1134 2223 1220 2253 tum
1242 2211 1360 2252 etiam
1382 2198 1627 2253 Patrensibus

352 2281 556 2337 persuasit,
579 2292 625 2323 ut
652 2295 786 2323 muros
814 2282 863 2322 ad
891 2294 997 2322 mare
1021 2280 1143 2335 usque
1171 2281 1447 2336 perducerent,
1474 2280 1516 2321 δι
1547 2279 1626 2334 ipse
1691 2295 1697 2302 ·

355 2352 500 2393 alteros
510 2351 658 2392 Rhium
670 2351 884 2393 Achaicum
895 2350 1028 2392 versus
1040 2350 1238 2393 exstruere
1248 2351 1288 2391 in
1302 2351 1433 2392 animo
1445 2349 1629 2392 habebat.

347 2422 428 2463 Sed
438 2421 627 2464 Corinthii
639 2452 651 2471 ,
665 2422 709 2463 δι
728 2422 936 2475 Sicyonii,
947 2422 988 2463 &
1002 2421 1087 2471 alii,
1104 2422 1249 2476 quibus
1267 2421 1310 2462 hi
1330 2421 1432 2462 muri
1445 2421 1627 2463 exstruffl

355 2491 539 2532 damnum
562 2490 687 2533 daturi
716 2500 849 2541 erant,
872 2488 966 2531 illuc
994 2500 1242 2532 accurrentes
1270 2489 1573 2546 impediverunt.
1602 2517 1606 2523 -
