1728 3120
347 191 448 228 210
635 176 1332 224 THUCYDI'DIS

348 267 662 343 λαμβανουο-ι,
687 294 764 323 και
790 266 1086 344 Βρικιννίας,
1067 295 1105 323 ον
1129 268 1265 342 ἔρυμα
1287 273 1323 322 ἐν
1349 295 1397 335 τῃ
1376 271 1622 340 Λεοντίνῆ.

348 371 429 400 και
448 371 526 400 των
549 371 621 399 του
652 345 783 418 ὃημου
802 370 893 399 τοτε
918 347 1174 400 ὲκπεο-οντων
1194 353 1227 398 οἱ
1249 344 1410 398 πολλοι
1433 342 1594 408 ἦλθον
1568 373 1625 407 ως

347 420 517 480 αὐτους.
542 445 620 474 και
639 424 966 482 καταστάντες,
989 426 1039 476 ἐκ
1057 447 1133 475 των
1153 445 1302 486 τειχίον
1321 420 1564 492 ἐπολέμουν.
1589 426 1626 475 οὶ

350 499 638 572 πυνθανόμενοι
665 505 699 550 οἱ
725 500 952 560 Ἀθηναιοι,
979 524 1045 551 τον
1066 499 1260 551 Φαίακα
1278 498 1539 571 πέμπουσιν,
1568 501 1628 552 εὶ-

351 600 448 635 πως
476 597 700 632 πεισαντες
728 599 820 632 τους
848 582 1000 637 σφίσιν
1027 575 1145 632 ὄντας
1169 576 1309 628 aim&
1335 573 1627 645 Ξυμμαχους,

352 651 431 706 καί
463 677 556 710 τους
583 650 773 709 αλλους,
795 644 837 711 ἠν
864 649 1081 705 domama,
1110 650 1390 709 Σικελιωτας
1411 675 1543 716 κοινῆ,
1570 653 1627 710 ὡς

353 730 664 818 Συρακουσίων
683 725 854 797 ὃυναμιν
880 725 1245 813 περιποιουμένων,
1250 729 1627 816 ὲπιστρατευο-αι,

352 798 664 858 ὁὶασωσειαν
623 826 688 855 τον
704 802 832 873 δῆμον
846 827 925 855 των
938 804 1207 856 Λεοντίνων
1191 827 1210 854 ο
1230 795 1275 854 δε
1292 804 1447 866 Φαίαξ
1461 803 1630 866 &Dano-

357 903 499 971 μενοςί
521 903 613 937 τους
638 900 714 949 μεν
738 879 1062 952 Καμαριναίους
1082 883 1211 931 πείθει
1235 902 1314 931 και
1333 881 1629 951 Ἀκραγαντί-

352 981 438 1015 νους
481 979 518 1008 εν
543 947 590 1007 δε
622 951 755 1007 Γέλα
781 977 1050 1014 αντισταντος
1082 977 1200 1008 αυτω
1230 956 1302 1007 τοῦ
1333 956 1626 1045 πράγματος,

358 1055 493 1088 ουκετι
530 1029 602 1084 ἒπι
633 1055 727 1090 τους
755 1029 924 1090 αλλους
956 1053 1150 1122 ερχεται,
1180 1031 1442 1102 αἱσθομενος
1467 1056 1542 1084 ουκ
1575 1055 1629 1084 αν

354 1132 428 1162 πε
423 1112 504 1162 θειν
527 1105 688 1166 αὐτους·
717 1111 830 1160 αλλ’
848 1130 1137 1181 αναχωρησας
1162 1105 1233 1159 δὶα
1253 1132 1332 1160 των
1358 1107 1597 1160 Σικελῶν
1586 1131 1626 1166 ες

355 1184 579 1245 Κατανην,
604 1206 682 1236 και
701 1206 808 1253 αμα
827 1186 863 1235 ἐν
887 1208 935 1249 τη
962 1184 1135 1274 παροὸῳ
1153 1206 1231 1236 και
1249 1185 1289 1243 ἐς
1303 1206 1384 1242 τας
1402 1184 1627 1258 Βρικιννίας

347 1255 506 1315 ἒλθων,
528 1283 605 1312 και
620 1257 965 1348 παραθαρῥυνας,
988 1256 1202 1312 απεπλει.

364 1389 365 1392 ,
428 1330 472 1389 ε’.
502 1335 570 1389 Ἐν
599 1328 646 1389 δε
670 1361 718 1402 τη
697 1336 1020 1410 παρακομιὸᾖ
1043 1339 1093 1401 τῇ
1119 1338 1158 1395 ἒς
1186 1361 1255 1398 την
1284 1335 1520 1395 Σικελίαν,
1547 1359 1628 1389 και

351 1481 618 1539 occuparunt,
641 1483 683 1524 δε
702 1483 937 1535 Bricinnias,
960 1497 1092 1526 arcem
1112 1484 1152 1524 in
1168 1475 1265 1539 agro
1284 1484 1480 1525 Leontino
1499 1483 1628 1524 muni-

349 1567 445 1596 tam.
474 1556 524 1596 Et
551 1555 672 1610 plebis
698 1566 796 1597 tunc
824 1555 1031 1597 exsulantis
1053 1557 1233 1611 permulti
1260 1556 1308 1597 ad
1332 1555 1433 1611 ipsos
1458 1557 1628 1597 iverunt.

349 1619 401 1666 Et
425 1639 515 1665 cum
540 1626 580 1664 in
600 1624 688 1667 loca
714 1626 865 1667 munita
892 1626 968 1667 sese
991 1625 1241 1680 recepissent,
1269 1626 1371 1666 illinc
1394 1626 1539 1667 bellum
1559 1639 1628 1679 ge·

350 1706 438 1735 rere
458 1703 686 1749 coeperunt.
706 1693 869 1747 Quibus
888 1694 1052 1746 auditis,
1064 1692 1319 1736 Athenienses
1330 1694 1540 1736 Phaeacem
1558 1694 1629 1734 mi-

351 1763 508 1815 serunt,
531 1763 559 1804 fi
581 1777 666 1818 quo
685 1763 805 1804 modo
830 1764 1030 1818 (adductis
1054 1764 1133 1805 suis
1154 1764 1288 1814 sociis,
1310 1765 1378 1819 qui
1401 1764 1478 1805 illic
1497 1773 1628 1813 erant,

351 1835 513 1890 aliisque
539 1834 798 1876 Sicilienfibus
811 1867 824 1886 ,
861 1835 890 1875 fi
921 1835 1095 1890 pollent,
1130 1836 1176 1876 ad
1201 1835 1345 1876 bellum
1371 1835 1629 1876 communiter

351 1903 593 1960 inferendum
615 1903 870 1957 Syracusanis
884 1937 896 1955 ,
915 1906 983 1959 qui
997 1907 1212 1960 potentiam
1232 1905 1302 1946 fibi
1323 1906 1626 1960 comparabant)

349 1974 541 2030 populum
558 1975 794 2016 Leontinum
807 1974 1091 2018 conservarent.
1113 1977 1267 2017 Phaeax
1290 1988 1421 2019 autem
1432 2002 1447 2028 ,·
1463 1991 1553 2019 cum
1573 1991 1626 2020 eo

349 2044 608 2100 pervenisset,
629 2045 891 2087 Camarinaeis
915 2046 1072 2100 quidem
1095 2047 1136 2088 &
1155 2046 1424 2102 Acragantinis
1445 2061 1527 2089 rem
1542 2062 1629 2103 per.

348 2113 474 2156 suafit.
501 2114 575 2155 Sed
600 2128 692 2155 cum
714 2115 762 2155 ad
795 2114 935 2156 Gelam
961 2128 1026 2156 res
1056 2116 1093 2156 ei
1116 2129 1197 2157 non
1223 2115 1466 2166 succeffiffet,
1493 2116 1542 2158 ad
1562 2130 1628 2159 ce-

348 2195 456 2236 teros
474 2199 720 2240 nequaquam
747 2186 916 2240 perrexit
931 2217 944 2236 ,
964 2186 1072 2242 quod
1092 2186 1344 2241 intelligeret,
1371 2187 1410 2229 se
1434 2201 1517 2228 rem
1539 2187 1628 2243 ipsis

351 2269 436 2298 non
461 2255 746 2311 persuasurum.
777 2257 919 2311 Quare
948 2272 1019 2313 per
1044 2258 1196 2299 Siculos
1218 2258 1408 2300 catanam
1427 2257 1630 2310 reversus,

350 2328 465 2372 fimul
490 2330 606 2370 etiam
628 2329 754 2370 obiter
776 2330 824 2370 ad
844 2330 1058 2370 Bricinnias
1085 2329 1304 2384 profectuS,
1333 2330 1377 2372 &
1401 2329 1628 2373 adhortatus

352 2391 449 2460 eos,
471 2411 516 2443 ut
534 2401 645 2442 bono
669 2400 789 2443 effent
811 2403 967 2452 animo,
992 2401 1164 2443 disceffit.

405 2472 462 2517 Ν.
488 2471 600 2515 Dum
626 2483 756 2516 autem
777 2474 817 2516 in
837 2474 1006 2516 Siciliam
1033 2474 1338 2530 perveheretur,
1355 2472 1398 2514 &
1417 2469 1547 2513 rursus
1569 2471 1629 2520 inq
