1728 3120
389 172 482 220 554
587 151 1459 201 A-NNoTATIONES

382 255 459 285 tur.
484 243 570 297 Qui
588 257 687 284 vero
707 242 890 298 praefeffl
909 253 1018 284 erant
1048 243 1138 284 huic
1165 256 1330 283 numero
1349 244 1510 283 militum
1525 273 1539 290 ,
1558 241 1655 284 dice—

383 299 525 340 bantur
544 297 896 351 πεντηκοντωτιῖρες.
910 299 1048 338 HUDs.
1071 297 1169 338 Add.
1186 298 1378 338 Emmium
1400 298 1441 337 in
1462 296 1656 351 Descripr.

385 353 502 407 Reip.
521 353 664 393 Lacon.
681 367 719 406 p.
736 366 816 405 494
837 353 881 393 δι
902 366 1006 406 499,
1027 351 1070 392 &
1095 350 1308 392 Meurfium
1335 350 1542 392 Miscellan.
1566 351 1656 391 Lac.

382 406 446 456 ³1,
470 421 507 447 2.
533 405 682 461 Lipsius
704 408 740 446 V
763 406 810 446 de
831 405 939 446 milit.
959 406 1078 446 Rom.
1101 419 1149 445 ιο
1165 405 1342 458 Πολεμάρ
1382 419 1443 445 ους
1466 405 1558 445 dicit
1575 404 1658 445 vel-

387 471 432 502 ut
463 461 630 502 Tribunos
654 460 695 499 in
715 461 883 500 exercitu
906 460 1025 500 Rom.
1047 458 1175 509 fuiffe3
1194 471 1402 514 λοχαχους
1426 459 1546 500 vertit
1577 460 1660 499 Cen-

390 516 542 556 turinnes
558 530 576 563 ;
608 513 957 566 πεντηιωντοιτῆροις
992 514 1312 568 Quinquagenarios
1323 528 1343 561 ς
1385 512 1661 566 ἑνωμοτέιρχοις

390 571 580 618 Demos,
602 569 643 608 &
666 567 865 619 ἐνωμοτίαν
886 568 1084 608 Decuriam.
1112 568 1207 608 Non
1229 565 1386 621 poss‘unt
1405 566 1500 606 haec
1529 566 1661 607 omnia

389 637 464 720 ¹1³5?
465 622 1185 716 &ifisszmssssssissffisshss'ssssssssz
1203 630 1362 715 ‘'1321’‘52‘
1384 619 1585 714 ἶῖἷαέῗῖῗ
1601 619 1660 659 ’ω’

392 730 478 786 7on
502 730 623 771 multa
649 729 763 770 habet
783 730 1038 784 spanhemius
1061 729 1108 769 ad
1130 706 1262 769 Iulian.
1291 690 1407 769 Οτὲἱ.
1431 727 1477 775 1,
1509 742 1546 782 p.
1573 689 1665 782 ἐξ.

392 785 492 826 Add.
521 785 696 825 Perizon.
719 783 766 824 ad
789 784 936 824 Aelian.
958 783 994 823 ΙΙ
1015 784 1111 824 Var.
1133 781 1230 822 Hist.
1256 797 1320 832 44.

449 839 540 891 Pag.
568 853 656 893 31¹·
681 838 704 877 l.
734 851 766 878 1.
791 838 896 878 Πλὴν
921 838 1050 890 ὀλίγον
1069 859 1115 867 -
1131 836 1252 891 εἰσὶν)
1276 834 1461 876 Aristides
1477 835 1596 876 Tom.
1620 834 1668 883 1,

393 907 432 948 p.
457 892 531 947 387
551 893 609 933 ed.
634 891 790 932 Canter.
808 891 942 946 ὀλίγων
965 892 1092 931 minus
1110 890 1303 944 eleganter
1325 890 1464 930 laudat.
1485 891 1636 930 WASS.

452 950 526 987 ead.
549 948 574 987 l.
599 960 637 999 7.
657 944 950 1000 Nsosauossm)
970 945 1094 999 Supra
1116 957 1199 998 cap.
1223 959 1285 999 34.

448 1004 524 1041 ead.
550 1002 575 1040 l.
605 1015 664 1040 12.
688 999 735 1040 Οἱ
759 999 919 1054 ἱππῆς)
946 998 1148 1040 Articulus
1179 997 1282 1038 abest
1306 1010 1331 1038 a
1353 995 1427 1039 Gr.
1447 995 1509 1037 Sic
1535 994 1666 1037 noster

395 1054 509 1095 infra.
535 1056 685 1095 WAss.

453 1110 545 1163 Pag.
565 1123 650 1162 312.
671 1109 696 1147 Ι.
716 1122 748 1147 1.
770 1108 886 1161 Παρὰ,
904 1105 942 1146 ‹P'
963 1103 1112 1162 αὐταῖς)
1133 1101 1273 1146 Αὗτοὺς
1291 1103 1354 1145 Cl.
1371 1103 1447 1145 Gr.
1458 1102 1580 1144 Paulo
1598 1115 1667 1143 an-

399 1175 438 1203 te
453 1165 562 1217 παρὰ
580 1162 618 1203 δ’
636 1157 779 1202 αὖτοῖς.
797 1161 922 1202 IDEM.
941 1156 1083 1201 Αὐτοὺς
1106 1159 1248 1201 habent
1265 1170 1402 1199 omnes
1418 1155 1504 1198 Mff.
1519 1157 1562 1198 &
1582 1157 1670 1197 edd.

399 1227 488 1257 ante
507 1216 690 1270 Stephani
711 1215 934 1262 secundam,
957 1228 1072 1268 quam
1094 1214 1250 1255 secutus
1268 1212 1322 1253 est
1341 1211 1491 1253 Portus.
1519 1211 1568 1251 Et
1587 1211 1666 1251 hoc

400 1284 482 1312 non
503 1272 628 1311 minus
646 1270 750 1311 mele
770 1283 816 1310 ea
835 1268 1136 1316 fionificatione‚
1156 1280 1273 1322 quam
1294 1267 1357 1307 hic
1375 1266 1518 1306 habere
1539 1264 1669 1312 debet,
1725 1288 1728 1290 -

402 1326 566 1372 dicitur,
590 1338 708 1379 quam
732 1324 823 1376 παρ’
841 1303 980 1364 αἶτοῖς.
1000 1321 1255 1376 Thucydides
1280 1320 1360 1362 hoc
1379 1318 1462 1375 ipso
1484 1332 1571 1374 cap.
1597 1318 1668 1359 aa}

403 1379 496 1432 παρ’
518 1377 658 1420 αὐτοὺς
680 1377 868 1432 Ἀρκάδων
892 1376 931 1417 ‘H
951 1376 1050 1429 αι’ἧς.
1468 1414 1470 1417 .

471 1437 546 1474 ead.
569 1434 594 1474 l.
623 1446 655 1487 5.
679 1431 906 1487 Κλεωναῖοι)
969 1430 1118 1484 hucyd.
1137 1429 1222 1478 VI,
1245 1440 1326 1483 95,
1347 1427 1467 1482 μέχρι
1491 1425 1670 1468 Κλεωνῶν.

405 1487 559 1535 Melae,
585 1487 712 1541 inquit
733 1486 944 1540 Lloydius‚
970 1487 1104 1526 Cleona.
1126 1484 1183 1526 At
1206 1483 1376 1530 fallitur,
1398 1493 1443 1522 ut
1463 1480 1565 1522 alias.
1586 1479 1670 1521 Du-

405 1543 527 1597 plices
547 1543 690 1582 etenim
718 1540 892 1582 Cleonae
906 1571 920 1588 ‚
941 1540 1150 1594 Argolicae
1176 1538 1220 1579 &
1237 1536 1490 1578 Chalcidicae.
1513 1533 1580 1576 De
1598 1548 1672 1589 po-

405 1595 630 1638 sterioribus
652 1595 758 1636 Mela
771 1624 787 1642 ‚
802 1596 869 1649 qui
892 1595 930 1634 in
958 1595 1032 1634 hac
1052 1594 1238 1648 scriptura
1265 1590 1369 1632 solus
1390 1589 1469 1630 est:
1524 1588 1674 1629 lurium

405 1663 573 1691 numero
604 1649 742 1691 extulit
765 1648 1018 1696 Herodotus,
1041 1648 1084 1689 δι
1113 1647 1286 1702 plerique
1307 1654 1456 1686 omnes.
1521 1652 1673 1683 ererum.

408 1704 583 1746 Cleonae
595 1704 803 1758 Argolicae
819 1702 860 1743 su
889 1716 931 1743 ra
944 1703 1140 1756 Mycenas
1151 1731 1165 1748 ‚
1183 1700 1282 1741 colle
1299 1699 1405 1739 edito
1426 1696 1519 1738 fixae
1537 1707 1646 1737 erant
1661 1727 1676 1746 ,

407 1759 450 1798 in
479 1760 544 1800 via
558 1791 570 1808 ,
586 1772 688 1813 quae
713 1759 771 1798 Ar
798 1758 829 1798 is
846 1717 1077 1799 (Perinthum
1100 1756 1214 1796 ducit.
1238 1753 1412 1794 Consule
1436 1752 1522 1792 Xen
1578 1750 1615 1790 h.
1635 1764 1673 1804 p.

409 1815 513 1863 644,
541 1813 626 1853 Liv.
653 1813 728 1853 XX
788 1813 843 1859 V,
868 1824 940 1864 25,
966 1809 1127 1851 Pausan.
1147 1823 1185 1864 p.
1210 1822 1259 1857 14
1293 1838 1304 1857 ‚
1327 1804 1520 1847 Plutarch.
1584 1814 1676 1845 rato

411 1881 450 1921 p.
471 1880 584 1917 1040.
603 1866 756 1921 Oppida
774 1865 1084 1907 circumiacentia
1106 1864 1182 1904 hoc
1204 1875 1251 1903 or
1277 1862 1340 1902 ine
1361 1873 1385 1900 a
1404 1858 1575 1918 Polybio
1596 1870 1677 1899 me-

412 1933 613 1962 morantur
627 1951 643 1969 ‚
661 1919 815 1968 Καφύας
828 1950 842 1967 ,
866 1918 1058 1960 Πελλήνην
1071 1948 1085 1966 ,
1104 1919 1252 1963 Φενεὶν,
1267 1915 1411 1969 Ἀργος
1423 1944 1436 1962 ,
1457 1917 1647 1952 Φλιουντοι
1659 1941 1674 1960 ,

412 1979 626 2017 ΚΛΕΩΝΑΣ
637 2005 651 2023 ,
678 1973 897 2028 ’Eorisoevpov
912 2005 926 2022 ‚
948 1973 1113 2027 Ἑρμιόνα.
1126 2002 1139 2018 ,
1163 1967 1332 2023 Τροιζῆνα,
1343 1999 1359 2016 ,
1394 1966 1561 2019 Κόρινθον.
1582 1966 1675 2006 No-

413 2042 502 2070 men
526 2030 580 2070 eis
613 2039 681 2070 aut
713 2041 736 2068 a
757 2027 909 2068 Cleone
940 2027 1022 2068 Aso
1053 2028 1066 2067 i
1093 2025 1201 2072 filia,
1218 2025 1327 2064 iuxta
1353 2021 1603 2062 Herodotum
1632 2019 1675 2060 &

413 2083 663 2130 Diodorum,
699 2093 766 2123 aut
791 2096 814 2122 a
842 2081 992 2122 Cleone
1016 2042 1168 2134 ssdopis
1194 2077 1278 2118 filio
1291 2108 1304 2126 ,
1334 2075 1441 2130 quod
1466 2073 1676 2134 Pausaniae

441 2138 571 2179 lacuit.
599 2137 761 2178 Civium
786 2137 956 2190 inopiam
987 2134 1074 2176 satis
1094 2133 1216 2174 innuit
1238 2130 1405 2172 Ovidius
1425 2141 1507 2169 non
1527 2140 1611 2168 uno
1634 2139 1676 2166 ιη

429 2204 508 2233 oco
538 2191 709 2247 epitheto
733 2191 885 2231 humiles.
918 2190 1042 2231 Situm
1071 2187 1240 2242 respexit
1264 2185 1436 2230 Statius,
1458 2182 1547 2234 celfiz
1584 2181 1677 2221 Pro-

409 2247 532 2300 symm
544 2275 558 2293 ,
580 2247 705 2300 Aptior
724 2246 885 2286 armentis
905 2245 1052 2291 Midea,
1070 2241 1292 2297 pecorosaque
1313 2237 1489 2292 Phyllos,
1513 2237 1676 2288 Quaeque

413 2312 519 2355 pavet
541 2302 644 2352 longa
663 2300 878 2354 spumantem
893 2299 983 2338 valle
999 2298 1196 2338 Charadron
1206 2325 1221 2342 ,
1243 2293 1349 2333 Neris
1361 2322 1371 2339 ‚
1391 2291 1426 2330 δ’
1443 2289 1570 2345 ingenti
1587 2291 1676 2328 Tur-

418 2357 502 2395 ritae
524 2355 607 2395 mole
621 2355 770 2394 Cleonae.
791 2352 959 2394 Codices
979 2350 1095 2391 nostri
1123 2348 1316 2402 Prosymna
1328 2376 1343 2393 ,
1366 2345 1486 2391 Male,
1514 2342 1650 2396 Phylos
1665 2369 1678 2389 ‚

421 2410 579 2458 (lionae,
602 2420 815 2463 perperam.
845 2406 909 2446 De
929 2406 1064 2446 ceteris
1095 2403 1245 2458 oppidis
1271 2399 1396 2440 Schol.
1425 2396 1677 2459 &.A·nnotat.

420 2463 679 2506 consulantur.
712 2461 778 2502 De
814 2461 942 2502 Midea
968 2468 1101 2500 tacent
1131 2458 1249 2498 etiam
1276 2454 1380 2496 Mela
1398 2484 1410 2503 ,
1434 2451 1603 2498 Plinius,
1638 2449 1680 2490 δι
