<?xml version="1.0" encoding="UTF-8"?>
<!DOCTYPE html PUBLIC "-//W3C//DTD XHTML 1.0 Transitional//EN"
    "http://www.w3.org/TR/xhtml1/DTD/xhtml1-transitional.dtd">
<html xmlns="http://www.w3.org/1999/xhtml" xml:lang="en" lang="en">
 <head>
  <title>
</title>
<meta http-equiv="Content-Type" content="text/html;charset=utf-8" />
  <meta name='ocr-system' content='tesseract 3.04.00' />
  <meta name='ocr-capabilities' content='ocr_page ocr_carea ocr_par ocr_line ocrx_word'/>
</head>
<body>
  <div class='ocr_page' id='page_1' title='image "./debellopeloponn03thucuoft_0472.png"; bbox 0 0 1728 3120; ppageno 0'>
   <div class='ocr_carea' id='block_1_1' title="bbox 383 171 1460 230">
    <p class='ocr_par' dir='ltr' id='par_1_1' title="bbox 383 171 1460 230">
     <span class='ocr_line' id='line_1_1' title="bbox 383 171 1460 230; baseline 0.002 -11"><span class='ocrx_word' id='word_1_1' title='bbox 383 173 478 230; x_wconf 73' lang='lat'>462</span> <span class='ocrx_word' id='word_1_2' title='bbox 589 171 1460 222; x_wconf 83' lang='lat' dir='ltr'>ANNOTATIONES</span> 
     </span>
    </p>
   </div>
   <div class='ocr_carea' id='block_1_2' title="bbox 375 262 1655 749">
    <p class='ocr_par' dir='ltr' id='par_1_2' title="bbox 375 262 1655 749">
     <span class='ocr_line' id='line_1_2' title="bbox 443 262 1653 320; baseline 0.007 -17"><span class='ocrx_word' id='word_1_3' title='bbox 443 264 518 303; x_wconf 80' lang='lat' dir='ltr'>ead.</span> <span class='ocrx_word' id='word_1_4' title='bbox 545 263 569 302; x_wconf 84' lang='lat' dir='ltr'>l.</span> <span class='ocrx_word' id='word_1_5' title='bbox 601 275 659 303; x_wconf 86' lang='lat'>10.</span> <span class='ocrx_word' id='word_1_6' title='bbox 683 262 841 318; x_wconf 69' lang='grc' dir='ltr'>Ἀρνῶν)</span> <span class='ocrx_word' id='word_1_7' title='bbox 867 264 927 304; x_wconf 91' lang='lat' dir='ltr'>Ita</span> <span class='ocrx_word' id='word_1_8' title='bbox 950 263 998 311; x_wconf 92' lang='lat' dir='ltr'>I,</span> <span class='ocrx_word' id='word_1_9' title='bbox 1028 278 1086 304; x_wconf 81' lang='lat'>12.</span> <span class='ocrx_word' id='word_1_10' title='bbox 1110 264 1289 306; x_wconf 85' lang='lat' dir='ltr'>Tabulae</span> <span class='ocrx_word' id='word_1_11' title='bbox 1312 267 1494 320; x_wconf 81' lang='lat' dir='ltr'>vulgares</span> <span class='ocrx_word' id='word_1_12' title='bbox 1524 268 1653 311; x_wconf 83' lang='lat' dir='ltr'>Amas</span> 
     </span>
     <span class='ocr_line' id='line_1_3' title="bbox 377 317 1655 374; baseline 0.005 -17"><span class='ocrx_word' id='word_1_13' title='bbox 377 317 428 357; x_wconf 81' lang='lat' dir='ltr'>ad</span> <span class='ocrx_word' id='word_1_14' title='bbox 442 317 650 357; x_wconf 82' lang='lat' dir='ltr'>Chabriam</span> <span class='ocrx_word' id='word_1_15' title='bbox 668 317 815 358; x_wconf 87' lang='lat' dir='ltr'>flumen</span> <span class='ocrx_word' id='word_1_16' title='bbox 831 318 1049 367; x_wconf 81' lang='lat' dir='ltr'>collocaut3</span> <span class='ocrx_word' id='word_1_17' title='bbox 1069 331 1140 359; x_wconf 91' lang='lat' dir='ltr'>nec</span> <span class='ocrx_word' id='word_1_18' title='bbox 1153 318 1270 372; x_wconf 86' lang='lat' dir='ltr'>longe</span> <span class='ocrx_word' id='word_1_19' title='bbox 1286 321 1337 359; x_wconf 89' lang='lat' dir='ltr'>ab</span> <span class='ocrx_word' id='word_1_20' title='bbox 1357 320 1562 374; x_wconf 81' lang='lat' dir='ltr'>Onthyrio</span> <span class='ocrx_word' id='word_1_21' title='bbox 1585 324 1655 363; x_wconf 85' lang='lat' dir='ltr'>ab·</span> 
     </span>
     <span class='ocr_line' id='line_1_4' title="bbox 379 370 1653 430; baseline 0.005 -18"><span class='ocrx_word' id='word_1_22' title='bbox 379 370 492 412; x_wconf 74' lang='lat' dir='ltr'>fuisse</span> <span class='ocrx_word' id='word_1_23' title='bbox 518 371 696 412; x_wconf 90' lang='lat' dir='ltr'>Rhianus</span> <span class='ocrx_word' id='word_1_24' title='bbox 714 370 882 421; x_wconf 71' lang='lat' dir='ltr'>au&amp;or;</span> <span class='ocrx_word' id='word_1_25' title='bbox 902 371 965 413; x_wconf 87' lang='lat' dir='ltr'>sed</span> <span class='ocrx_word' id='word_1_26' title='bbox 990 372 1032 412; x_wconf 89' lang='lat'>&amp;</span> <span class='ocrx_word' id='word_1_27' title='bbox 1054 372 1130 413; x_wconf 92' lang='lat' dir='ltr'>hoe</span> <span class='ocrx_word' id='word_1_28' title='bbox 1152 373 1338 427; x_wconf 88' lang='lat' dir='ltr'>oppidum</span> <span class='ocrx_word' id='word_1_29' title='bbox 1364 374 1532 416; x_wconf 81' lang='lat' dir='ltr'>incertae</span> <span class='ocrx_word' id='word_1_30' title='bbox 1549 376 1653 430; x_wconf 74' lang='lat' dir='ltr'>pofi-</span> 
     </span>
     <span class='ocr_line' id='line_1_5' title="bbox 381 423 1652 484; baseline 0.006 -21"><span class='ocrx_word' id='word_1_31' title='bbox 381 425 500 465; x_wconf 76' lang='lat' dir='ltr'>rionis</span> <span class='ocrx_word' id='word_1_32' title='bbox 519 423 584 465; x_wconf 88' lang='lat' dir='ltr'>est.</span> <span class='ocrx_word' id='word_1_33' title='bbox 613 424 771 466; x_wconf 87' lang='lat' dir='ltr'>Gentile</span> <span class='ocrx_word' id='word_1_34' title='bbox 793 425 875 465; x_wconf 88' lang='lat' dir='ltr'>eius</span> <span class='ocrx_word' id='word_1_35' title='bbox 907 427 1079 466; x_wconf 84' lang='lat' dir='ltr'>occurrit</span> <span class='ocrx_word' id='word_1_36' title='bbox 1100 427 1141 466; x_wconf 92' lang='lat' dir='ltr'>in</span> <span class='ocrx_word' id='word_1_37' title='bbox 1163 439 1287 468; x_wconf 91' lang='lat' dir='ltr'>numo</span> <span class='ocrx_word' id='word_1_38' title='bbox 1320 427 1462 480; x_wconf 89' lang='lat' dir='ltr'>Pyrrhi</span> <span class='ocrx_word' id='word_1_39' title='bbox 1497 430 1652 484; x_wconf 80' lang='lat' dir='ltr'>Ligorii.</span> 
     </span>
     <span class='ocr_line' id='line_1_6' title="bbox 381 478 1654 536; baseline 0.004 -17"><span class='ocrx_word' id='word_1_40' title='bbox 381 479 457 528; x_wconf 87' lang='lat' dir='ltr'>IV,</span> <span class='ocrx_word' id='word_1_41' title='bbox 478 494 522 530; x_wconf 93' lang='lat'>7:</span> <span class='ocrx_word' id='word_1_42' title='bbox 540 478 683 532; x_wconf 88' lang='lat' dir='ltr'>oppida</span> <span class='ocrx_word' id='word_1_43' title='bbox 700 479 888 527; x_wconf 84' lang='lat' dir='ltr'>celebria,</span> <span class='ocrx_word' id='word_1_44' title='bbox 910 479 1042 520; x_wconf 86' lang='lat' dir='ltr'>Hellas</span> <span class='ocrx_word' id='word_1_45' title='bbox 1054 509 1066 526; x_wconf 81' lang='lat'>,</span> <span class='ocrx_word' id='word_1_46' title='bbox 1089 479 1214 521; x_wconf 87' lang='lat' dir='ltr'>Halos</span> <span class='ocrx_word' id='word_1_47' title='bbox 1227 511 1239 528; x_wconf 92' lang='lat'><strong>,</strong></span> <span class='ocrx_word' id='word_1_48' title='bbox 1259 481 1413 531; x_wconf 88' lang='lat' dir='ltr'>Phthia,</span> <span class='ocrx_word' id='word_1_49' title='bbox 1433 483 1541 523; x_wconf 83' lang='lat' dir='ltr'>Ame.</span> <span class='ocrx_word' id='word_1_50' title='bbox 1561 485 1654 536; x_wconf 87' lang='lat' dir='ltr'>Hy-</span> 
     </span>
     <span class='ocr_line' id='line_1_7' title="bbox 376 532 1653 587; baseline 0.005 -14"><span class='ocrx_word' id='word_1_51' title='bbox 376 534 493 586; x_wconf 81' lang='lat' dir='ltr'>ginus</span> <span class='ocrx_word' id='word_1_52' title='bbox 513 532 605 573; x_wconf 82' lang='lat' dir='ltr'>Fab.</span> <span class='ocrx_word' id='word_1_53' title='bbox 632 545 730 584; x_wconf 83' lang='lat'>275:</span> <span class='ocrx_word' id='word_1_54' title='bbox 756 532 907 587; x_wconf 86' lang='lat' dir='ltr'>Apollo</span> <span class='ocrx_word' id='word_1_55' title='bbox 931 533 1040 575; x_wconf 89' lang='lat' dir='ltr'>Iovis</span> <span class='ocrx_word' id='word_1_56' title='bbox 1067 533 1172 574; x_wconf 82' lang='lat' dir='ltr'>filius</span> <span class='ocrx_word' id='word_1_57' title='bbox 1195 535 1323 576; x_wconf 87' lang='lat' dir='ltr'>Arnas</span> <span class='ocrx_word' id='word_1_58' title='bbox 1346 536 1528 577; x_wconf 89' lang='lat' dir='ltr'>condidit.</span> <span class='ocrx_word' id='word_1_59' title='bbox 1551 538 1653 580; x_wconf 91' lang='lat' dir='ltr'>Vide</span> 
     </span>
     <span class='ocr_line' id='line_1_8' title="bbox 380 586 1652 642; baseline 0.003 -14"><span class='ocrx_word' id='word_1_60' title='bbox 380 587 633 633; x_wconf 86' lang='lat' dir='ltr'>Strabonem,</span> <span class='ocrx_word' id='word_1_61' title='bbox 670 587 713 627; x_wconf 74' lang='grc' dir='ltr'>δι</span> <span class='ocrx_word' id='word_1_62' title='bbox 733 586 956 626; x_wconf 84' lang='lat' dir='ltr'>Pausaniam</span> <span class='ocrx_word' id='word_1_63' title='bbox 970 618 983 636; x_wconf 91' lang='lat'>‚</span> <span class='ocrx_word' id='word_1_64' title='bbox 1007 587 1050 627; x_wconf 76' lang='grc' dir='ltr'>δι</span> <span class='ocrx_word' id='word_1_65' title='bbox 1077 587 1331 640; x_wconf 87' lang='lat' dir='ltr'>Hesychium.</span> <span class='ocrx_word' id='word_1_66' title='bbox 1357 589 1580 642; x_wconf 84' lang='lat' dir='ltr'>Polyaenus</span> <span class='ocrx_word' id='word_1_67' title='bbox 1607 591 1652 641; x_wconf 82' lang='lat'>1,</span> 
     </span>
     <span class='ocr_line' id='line_1_9' title="bbox 375 638 1652 733; baseline 0.004 -52"><span class='ocrx_word' id='word_1_68' title='bbox 375 656 458 690; x_wconf 67' lang='lat' dir='ltr'>az,</span> <span class='ocrx_word' id='word_1_69' title='bbox 491 639 729 733; x_wconf 66' lang='lat' dir='ltr'>fipgulariter</span> <span class='ocrx_word' id='word_1_70' title='bbox 755 638 881 681; x_wconf 86' lang='lat' dir='ltr'>effert.</span> <span class='ocrx_word' id='word_1_71' title='bbox 908 643 1057 682; x_wconf 53' lang='lat' dir='ltr'>Wass.</span> <span class='ocrx_word' id='word_1_72' title='bbox 1080 642 1175 683; x_wconf 85' lang='lat' dir='ltr'>vid.</span> <span class='ocrx_word' id='word_1_73' title='bbox 1197 642 1437 698; x_wconf 83' lang='lat' dir='ltr'>Stephanum</span> <span class='ocrx_word' id='word_1_74' title='bbox 1459 644 1499 684; x_wconf 87' lang='lat' dir='ltr'>in</span> <span class='ocrx_word' id='word_1_75' title='bbox 1516 644 1652 699; x_wconf 68' lang='grc' dir='ltr'><strong><em>Ἄρνη,</em></strong></span> 
     </span>
     <span class='ocr_line' id='line_1_10' title="bbox 384 695 642 749; baseline -0.008 -13"><span class='ocrx_word' id='word_1_76' title='bbox 384 696 428 736; x_wconf 88' lang='lat'>&amp;</span> <span class='ocrx_word' id='word_1_77' title='bbox 457 697 518 734; x_wconf 87' lang='grc' dir='ltr'>’ον</span> <span class='ocrx_word' id='word_1_78' title='bbox 539 695 642 749; x_wconf 81' lang='grc' dir='ltr'><strong><em>ὑριον.</em></strong></span> 
     </span>
    </p>
   </div>
   <div class='ocr_carea' id='block_1_3' title="bbox 401 743 1728 802">
    <p class='ocr_par' dir='ltr' id='par_1_3' title="bbox 401 743 1728 802">
     <span class='ocr_line' id='line_1_11' title="bbox 401 743 1728 802; baseline 0.003 -13"><span class='ocrx_word' id='word_1_79' title='bbox 401 787 403 789; x_wconf 88' lang='grc'>.</span> <span class='ocrx_word' id='word_1_80' title='bbox 437 751 511 788; x_wconf 84' lang='lat' dir='ltr'>ead.</span> <span class='ocrx_word' id='word_1_81' title='bbox 536 749 559 788; x_wconf 93' lang='lat' dir='ltr'>l.</span> <span class='ocrx_word' id='word_1_82' title='bbox 594 762 654 788; x_wconf 72' lang='grc' dir='ltr'>η.</span> <span class='ocrx_word' id='word_1_83' title='bbox 678 743 863 802; x_wconf 65' lang='grc' dir='ltr'>Αὐλῶνα)</span> <span class='ocrx_word' id='word_1_84' title='bbox 889 748 998 790; x_wconf 87' lang='lat' dir='ltr'>Haec</span> <span class='ocrx_word' id='word_1_85' title='bbox 1025 749 1157 790; x_wconf 80' lang='lat' dir='ltr'>omnia</span> <span class='ocrx_word' id='word_1_86' title='bbox 1185 748 1280 791; x_wconf 91' lang='lat' dir='ltr'>sedis</span> <span class='ocrx_word' id='word_1_87' title='bbox 1308 750 1498 793; x_wconf 88' lang='lat' dir='ltr'>incertae:</span> <span class='ocrx_word' id='word_1_88' title='bbox 1520 762 1651 793; x_wconf 86' lang='lat' dir='ltr'>tamen</span> <span class='ocrx_word' id='word_1_89' title='bbox 1710 775 1728 800; x_wconf 79' lang='lat'>:-</span> 
     </span>
    </p>
   </div>
   <div class='ocr_carea' id='block_1_4' title="bbox 382 801 1649 868">
    <p class='ocr_par' dir='ltr' id='par_1_4' title="bbox 382 801 1649 868">
     <span class='ocr_line' id='line_1_12' title="bbox 382 801 1649 868; baseline 0.003 -25"><span class='ocrx_word' id='word_1_90' title='bbox 382 803 489 844; x_wconf 83' lang='lat' dir='ltr'>Bolbe</span> <span class='ocrx_word' id='word_1_91' title='bbox 510 802 609 842; x_wconf 84' lang='lat' dir='ltr'>inter</span> <span class='ocrx_word' id='word_1_92' title='bbox 632 801 864 842; x_wconf 84' lang='lat' dir='ltr'>Arethusam</span> <span class='ocrx_word' id='word_1_93' title='bbox 888 802 929 842; x_wconf 73' lang='grc' dir='ltr'>δε</span> <span class='ocrx_word' id='word_1_94' title='bbox 955 802 1210 857; x_wconf 80' lang='lat' dir='ltr'>Apolloniam</span> <span class='ocrx_word' id='word_1_95' title='bbox 1241 815 1264 844; x_wconf 88' lang='lat' dir='ltr'>a</span> <span class='ocrx_word' id='word_1_96' title='bbox 1288 803 1452 868; x_wconf 77' lang='lat' dir='ltr'>Scylace</span> <span class='ocrx_word' id='word_1_97' title='bbox 1479 807 1649 860; x_wconf 90' lang='lat' dir='ltr'>ponitur.</span> 
     </span>
    </p>
   </div>
   <div class='ocr_carea' id='block_1_5' title="bbox 381 853 1715 969">
    <p class='ocr_par' dir='ltr' id='par_1_5' title="bbox 381 853 1715 969">
     <span class='ocr_line' id='line_1_13' title="bbox 381 853 1715 915; baseline 0.003 -18"><span class='ocrx_word' id='word_1_98' title='bbox 381 859 530 898; x_wconf 72' lang='lat' dir='ltr'>WAss.</span> <span class='ocrx_word' id='word_1_99' title='bbox 557 853 711 896; x_wconf 62' lang='grc' dir='ltr'>Αὖλῶνα</span> <span class='ocrx_word' id='word_1_100' title='bbox 735 856 796 897; x_wconf 86' lang='lat' dir='ltr'>hic</span> <span class='ocrx_word' id='word_1_101' title='bbox 818 855 893 896; x_wconf 74' lang='lat' dir='ltr'>esse</span> <span class='ocrx_word' id='word_1_102' title='bbox 915 869 1062 897; x_wconf 89' lang='lat' dir='ltr'>nomen</span> <span class='ocrx_word' id='word_1_103' title='bbox 1082 858 1282 911; x_wconf 80' lang='lat' dir='ltr'>proprium</span> <span class='ocrx_word' id='word_1_104' title='bbox 1304 859 1386 899; x_wconf 76' lang='lat' dir='ltr'>loci</span> <span class='ocrx_word' id='word_1_105' title='bbox 1408 873 1547 909; x_wconf 86' lang='lat' dir='ltr'>nemo,</span> <span class='ocrx_word' id='word_1_106' title='bbox 1561 860 1651 915; x_wconf 78' lang='lat' dir='ltr'>opi·</span> <span class='ocrx_word' id='word_1_107' title='bbox 1712 863 1715 866; x_wconf 80' lang='grc'>’</span> 
     </span>
     <span class='ocr_line' id='line_1_14' title="bbox 383 909 1683 969; baseline 0.002 -18"><span class='ocrx_word' id='word_1_108' title='bbox 383 924 487 958; x_wconf 81' lang='lat' dir='ltr'>nor,</span> <span class='ocrx_word' id='word_1_109' title='bbox 506 909 704 951; x_wconf 78' lang='lat' dir='ltr'>dubitabit.</span> <span class='ocrx_word' id='word_1_110' title='bbox 729 910 779 951; x_wconf 88' lang='lat' dir='ltr'>Et</span> <span class='ocrx_word' id='word_1_111' title='bbox 803 911 856 950; x_wconf 89' lang='lat' dir='ltr'>ita</span> <span class='ocrx_word' id='word_1_112' title='bbox 881 911 1018 964; x_wconf 89' lang='lat' dir='ltr'>accipit</span> <span class='ocrx_word' id='word_1_113' title='bbox 1036 910 1224 952; x_wconf 86' lang='lat' dir='ltr'>Cellarius</span> <span class='ocrx_word' id='word_1_114' title='bbox 1244 911 1280 952; x_wconf 91' lang='grc' dir='ltr'>ΙΙ</span> <span class='ocrx_word' id='word_1_115' title='bbox 1297 911 1445 967; x_wconf 85' lang='lat' dir='ltr'>Geogr.</span> <span class='ocrx_word' id='word_1_116' title='bbox 1469 913 1563 954; x_wconf 90' lang='lat' dir='ltr'>Ant.</span> <span class='ocrx_word' id='word_1_117' title='bbox 1590 928 1650 969; x_wconf 83' lang='lat'>¹3·</span> <span class='ocrx_word' id='word_1_118' title='bbox 1679 942 1683 945; x_wconf 52' lang='lat'><strong>&lt;</strong></span> 
     </span>
    </p>
   </div>
   <div class='ocr_carea' id='block_1_6' title="bbox 380 963 1650 1019">
    <p class='ocr_par' dir='ltr' id='par_1_6' title="bbox 380 963 1650 1019">
     <span class='ocr_line' id='line_1_15' title="bbox 380 963 1650 1019; baseline 0.002 -14"><span class='ocrx_word' id='word_1_119' title='bbox 380 965 556 1006; x_wconf 89' lang='lat' dir='ltr'>Ortelius</span> <span class='ocrx_word' id='word_1_120' title='bbox 580 977 742 1019; x_wconf 91' lang='lat' dir='ltr'>quoque</span> <span class='ocrx_word' id='word_1_121' title='bbox 769 964 808 1004; x_wconf 87' lang='lat' dir='ltr'>in</span> <span class='ocrx_word' id='word_1_122' title='bbox 829 963 1014 1005; x_wconf 82' lang='lat' dir='ltr'>Thesaur.</span> <span class='ocrx_word' id='word_1_123' title='bbox 1049 965 1196 1019; x_wconf 85' lang='lat' dir='ltr'>Geogr.</span> <span class='ocrx_word' id='word_1_124' title='bbox 1219 964 1422 1015; x_wconf 82' lang='lat' dir='ltr'>observat,</span> <span class='ocrx_word' id='word_1_125' title='bbox 1445 980 1468 1008; x_wconf 88' lang='lat' dir='ltr'>a</span> <span class='ocrx_word' id='word_1_126' title='bbox 1489 967 1650 1009; x_wconf 85' lang='lat' dir='ltr'>Galeno</span> 
     </span>
    </p>
   </div>
   <div class='ocr_carea' id='block_1_7' title="bbox 382 1017 1710 1062">
    <p class='ocr_par' dir='ltr' id='par_1_7' title="bbox 382 1017 1710 1062">
     <span class='ocr_line' id='line_1_16' title="bbox 382 1017 1710 1062; baseline 0.002 -2"><span class='ocrx_word' id='word_1_127' title='bbox 382 1019 467 1060; x_wconf 90' lang='lat' dir='ltr'>Lib.</span> <span class='ocrx_word' id='word_1_128' title='bbox 494 1019 549 1059; x_wconf 86' lang='lat' dir='ltr'>III</span> <span class='ocrx_word' id='word_1_129' title='bbox 576 1019 622 1058; x_wconf 92' lang='lat' dir='ltr'>de</span> <span class='ocrx_word' id='word_1_130' title='bbox 648 1017 804 1059; x_wconf 87' lang='lat' dir='ltr'>sanitate</span> <span class='ocrx_word' id='word_1_131' title='bbox 827 1018 967 1059; x_wconf 88' lang='lat' dir='ltr'>tuenda</span> <span class='ocrx_word' id='word_1_132' title='bbox 999 1018 1196 1060; x_wconf 85' lang='lat' dir='ltr'>Aulonem</span> <span class='ocrx_word' id='word_1_133' title='bbox 1226 1020 1483 1062; x_wconf 86' lang='lat' dir='ltr'>Macedoniae</span> <span class='ocrx_word' id='word_1_134' title='bbox 1510 1021 1649 1062; x_wconf 85' lang='lat' dir='ltr'>urbem</span> <span class='ocrx_word' id='word_1_135' title='bbox 1708 1048 1710 1050; x_wconf 93' lang='lat'><em>-</em></span> 
     </span>
    </p>
   </div>
   <div class='ocr_carea' id='block_1_8' title="bbox 380 1073 1650 1193">
    <p class='ocr_par' dir='ltr' id='par_1_8' title="bbox 380 1073 1650 1193">
     <span class='ocr_line' id='line_1_17' title="bbox 380 1073 1648 1130; baseline 0.001 -15"><span class='ocrx_word' id='word_1_136' title='bbox 380 1073 496 1128; x_wconf 81' lang='lat' dir='ltr'>supra</span> <span class='ocrx_word' id='word_1_137' title='bbox 512 1074 764 1126; x_wconf 87' lang='lat' dir='ltr'>Strymonem</span> <span class='ocrx_word' id='word_1_138' title='bbox 787 1073 1007 1113; x_wconf 83' lang='lat' dir='ltr'>memorari.</span> <span class='ocrx_word' id='word_1_139' title='bbox 1031 1074 1256 1114; x_wconf 88' lang='lat' dir='ltr'>Athenaeus</span> <span class='ocrx_word' id='word_1_140' title='bbox 1274 1084 1403 1114; x_wconf 87' lang='lat' dir='ltr'>tamen</span> <span class='ocrx_word' id='word_1_141' title='bbox 1424 1074 1479 1123; x_wconf 88' lang='lat' dir='ltr'>V,</span> <span class='ocrx_word' id='word_1_142' title='bbox 1508 1090 1554 1130; x_wconf 84' lang='lat'>3,</span> <span class='ocrx_word' id='word_1_143' title='bbox 1574 1089 1648 1130; x_wconf 88' lang='lat' dir='ltr'>pro</span> 
     </span>
     <span class='ocr_line' id='line_1_18' title="bbox 382 1125 1650 1193; baseline 0.001 -24"><span class='ocrx_word' id='word_1_144' title='bbox 382 1128 544 1170; x_wconf 85' lang='lat' dir='ltr'>nomine</span> <span class='ocrx_word' id='word_1_145' title='bbox 579 1127 780 1168; x_wconf 79' lang='lat' dir='ltr'>communi</span> <span class='ocrx_word' id='word_1_146' title='bbox 810 1127 969 1167; x_wconf 85' lang='lat' dir='ltr'>habuit:</span> <span class='ocrx_word' id='word_1_147' title='bbox 997 1125 1162 1168; x_wconf 59' lang='grc' dir='ltr'>Καλοῦσι</span> <span class='ocrx_word' id='word_1_148' title='bbox 1186 1127 1238 1174; x_wconf 68' lang='grc' dir='ltr'>δ”,</span> <span class='ocrx_word' id='word_1_149' title='bbox 1269 1127 1418 1193; x_wconf 77' lang='lat' dir='ltr'>inquit,</span> <span class='ocrx_word' id='word_1_150' title='bbox 1450 1128 1650 1182; x_wconf 56' lang='grc' dir='ltr'><em>ἀρσενικῶς</em></span> 
     </span>
    </p>
   </div>
   <div class='ocr_carea' id='block_1_9' title="bbox 383 1177 1706 1236">
    <p class='ocr_par' dir='ltr' id='par_1_9' title="bbox 383 1177 1706 1236">
     <span class='ocr_line' id='line_1_19' title="bbox 383 1177 1706 1236; baseline 0.002 -14"><span class='ocrx_word' id='word_1_151' title='bbox 383 1181 473 1223; x_wconf 81' lang='grc' dir='ltr'><strong><em>τοὺς</em></strong></span> <span class='ocrx_word' id='word_1_152' title='bbox 493 1177 691 1230; x_wconf 53' lang='lat' dir='ltr'>minzac,</span> <span class='ocrx_word' id='word_1_153' title='bbox 713 1179 842 1232; x_wconf 60' lang='grc' dir='ltr'><em>ὥσπερ</em></span> <span class='ocrx_word' id='word_1_154' title='bbox 862 1180 1097 1223; x_wconf 52' lang='grc' dir='ltr'>Θουκυδίδης</span> <span class='ocrx_word' id='word_1_155' title='bbox 1123 1181 1159 1221; x_wconf 77' lang='grc' dir='ltr'>ἐν</span> <span class='ocrx_word' id='word_1_156' title='bbox 1178 1180 1228 1231; x_wconf 58' lang='lat' dir='ltr'>‘rip‘</span> <span class='ocrx_word' id='word_1_157' title='bbox 1250 1194 1438 1236; x_wconf 69' lang='grc' dir='ltr'>τεταρτῃ,</span> <span class='ocrx_word' id='word_1_158' title='bbox 1463 1183 1530 1222; x_wconf 67' lang='grc' dir='ltr'>καὶ</span> <span class='ocrx_word' id='word_1_159' title='bbox 1553 1183 1650 1224; x_wconf 70' lang='grc' dir='ltr'>πάν-</span> <span class='ocrx_word' id='word_1_160' title='bbox 1703 1207 1706 1210; x_wconf 51' lang='grc'><strong>&lt;</strong></span> 
     </span>
    </p>
   </div>
   <div class='ocr_carea' id='block_1_10' title="bbox 383 1233 1648 1295">
    <p class='ocr_par' dir='ltr' id='par_1_10' title="bbox 383 1233 1648 1295">
     <span class='ocr_line' id='line_1_20' title="bbox 383 1233 1648 1295; baseline 0.002 -19"><span class='ocrx_word' id='word_1_161' title='bbox 383 1251 447 1278; x_wconf 76' lang='grc' dir='ltr'>τες</span> <span class='ocrx_word' id='word_1_162' title='bbox 470 1235 503 1277; x_wconf 76' lang='grc' dir='ltr'>οἱ</span> <span class='ocrx_word' id='word_1_163' title='bbox 531 1233 817 1288; x_wconf 58' lang='grc' dir='ltr'>καταλογάδην</span> <span class='ocrx_word' id='word_1_164' title='bbox 846 1235 1086 1295; x_wconf 50' lang='grc' dir='ltr'>συγγραφεῖς</span> <span class='ocrx_word' id='word_1_165' title='bbox 1102 1265 1114 1283; x_wconf 92' lang='grc'><strong>,</strong></span> <span class='ocrx_word' id='word_1_166' title='bbox 1143 1233 1173 1275; x_wconf 75' lang='grc' dir='ltr'>οἱ</span> <span class='ocrx_word' id='word_1_167' title='bbox 1198 1235 1244 1275; x_wconf 53' lang='grc' dir='ltr'>ἑὲ</span> <span class='ocrx_word' id='word_1_168' title='bbox 1276 1236 1439 1277; x_wconf 69' lang='grc' dir='ltr'><strong><em>ποιηταὶ</em></strong></span> <span class='ocrx_word' id='word_1_169' title='bbox 1462 1236 1648 1278; x_wconf 62' lang='grc' dir='ltr'>θηλυκῶς.</span> 
     </span>
    </p>
   </div>
   <div class='ocr_carea' id='block_1_11' title="bbox 381 1288 1680 1343">
    <p class='ocr_par' dir='ltr' id='par_1_11' title="bbox 381 1288 1680 1343">
     <span class='ocr_line' id='line_1_21' title="bbox 381 1288 1680 1343; baseline 0.002 -12"><span class='ocrx_word' id='word_1_170' title='bbox 381 1291 486 1331; x_wconf 77' lang='lat' dir='ltr'>Nam</span> <span class='ocrx_word' id='word_1_171' title='bbox 505 1303 585 1330; x_wconf 89' lang='lat' dir='ltr'>non</span> <span class='ocrx_word' id='word_1_172' title='bbox 609 1288 664 1330; x_wconf 86' lang='lat' dir='ltr'>est</span> <span class='ocrx_word' id='word_1_173' title='bbox 679 1289 776 1329; x_wconf 87' lang='lat' dir='ltr'>alius</span> <span class='ocrx_word' id='word_1_174' title='bbox 795 1289 906 1330; x_wconf 90' lang='lat' dir='ltr'>locus</span> <span class='ocrx_word' id='word_1_175' title='bbox 928 1302 968 1329; x_wconf 85' lang='lat' dir='ltr'>1n</span> <span class='ocrx_word' id='word_1_176' title='bbox 981 1289 1100 1330; x_wconf 86' lang='lat' dir='ltr'>Libro</span> <span class='ocrx_word' id='word_1_177' title='bbox 1118 1288 1178 1329; x_wconf 91' lang='lat' dir='ltr'>IV</span> <span class='ocrx_word' id='word_1_178' title='bbox 1193 1289 1435 1343; x_wconf 83' lang='lat' dir='ltr'>Thucydidis</span> <span class='ocrx_word' id='word_1_179' title='bbox 1446 1321 1461 1338; x_wconf 92' lang='lat'>,</span> <span class='ocrx_word' id='word_1_180' title='bbox 1479 1291 1548 1332; x_wconf 89' lang='lat' dir='ltr'>ubi</span> <span class='ocrx_word' id='word_1_181' title='bbox 1572 1290 1649 1333; x_wconf 86' lang='lat' dir='ltr'>hoc</span> <span class='ocrx_word' id='word_1_182' title='bbox 1676 1330 1680 1333; x_wconf 84' lang='grc'><em>.</em></span> 
     </span>
    </p>
   </div>
   <div class='ocr_carea' id='block_1_12' title="bbox 378 1342 1650 1664">
    <p class='ocr_par' dir='ltr' id='par_1_12' title="bbox 378 1342 1650 1664">
     <span class='ocr_line' id='line_1_22' title="bbox 379 1342 1645 1398; baseline -0.001 -11"><span class='ocrx_word' id='word_1_183' title='bbox 379 1358 528 1387; x_wconf 85' lang='lat' dir='ltr'>nomen</span> <span class='ocrx_word' id='word_1_184' title='bbox 551 1345 711 1398; x_wconf 82' lang='lat' dir='ltr'>legatur.</span> <span class='ocrx_word' id='word_1_185' title='bbox 727 1343 974 1384; x_wconf 84' lang='lat' dir='ltr'>Athenaeum</span> <span class='ocrx_word' id='word_1_186' title='bbox 997 1342 1188 1397; x_wconf 72' lang='lat' dir='ltr'>exscripsit</span> <span class='ocrx_word' id='word_1_187' title='bbox 1210 1343 1430 1385; x_wconf 85' lang='lat' dir='ltr'>Eustathius</span> <span class='ocrx_word' id='word_1_188' title='bbox 1448 1345 1488 1384; x_wconf 89' lang='lat' dir='ltr'>in</span> <span class='ocrx_word' id='word_1_189' title='bbox 1506 1344 1645 1397; x_wconf 82' lang='lat' dir='ltr'>Odyff.</span> 
     </span>
     <span class='ocr_line' id='line_1_23' title="bbox 382 1396 1647 1454; baseline 0.001 -16"><span class='ocrx_word' id='word_1_190' title='bbox 382 1399 438 1450; x_wconf 59' lang='grc' dir='ltr'>δ’,</span> <span class='ocrx_word' id='word_1_191' title='bbox 462 1411 550 1454; x_wconf 85' lang='lat' dir='ltr'>pag.</span> <span class='ocrx_word' id='word_1_192' title='bbox 578 1397 690 1452; x_wconf 81' lang='lat'>1483.</span> <span class='ocrx_word' id='word_1_193' title='bbox 718 1396 920 1451; x_wconf 68' lang='grc' dir='ltr'><strong><em>Βρωμίσιιον</em></strong></span> <span class='ocrx_word' id='word_1_194' title='bbox 941 1410 966 1437; x_wconf 88' lang='lat' dir='ltr'>a</span> <span class='ocrx_word' id='word_1_195' title='bbox 987 1397 1221 1450; x_wconf 82' lang='lat' dir='ltr'>Thucydide</span> <span class='ocrx_word' id='word_1_196' title='bbox 1245 1399 1408 1447; x_wconf 83' lang='lat' dir='ltr'>vocari,</span> <span class='ocrx_word' id='word_1_197' title='bbox 1433 1411 1534 1452; x_wconf 85' lang='lat' dir='ltr'>quae</span> <span class='ocrx_word' id='word_1_198' title='bbox 1565 1399 1647 1440; x_wconf 85' lang='lat' dir='ltr'>Ste-</span> 
     </span>
     <span class='ocr_line' id='line_1_24' title="bbox 379 1450 1650 1510; baseline 0 -16"><span class='ocrx_word' id='word_1_199' title='bbox 379 1455 513 1510; x_wconf 90' lang='lat' dir='ltr'>phano</span> <span class='ocrx_word' id='word_1_200' title='bbox 537 1451 591 1493; x_wconf 90' lang='lat' dir='ltr'>est</span> <span class='ocrx_word' id='word_1_201' title='bbox 612 1450 806 1506; x_wconf 66' lang='lat' dir='ltr'>Rpopu‘cxof</span> <span class='ocrx_word' id='word_1_202' title='bbox 822 1452 862 1491; x_wconf 91' lang='lat' dir='ltr'>in</span> <span class='ocrx_word' id='word_1_203' title='bbox 879 1451 1134 1500; x_wconf 83' lang='lat' dir='ltr'>Macedonia,</span> <span class='ocrx_word' id='word_1_204' title='bbox 1152 1462 1294 1506; x_wconf 83' lang='lat' dir='ltr'>putant</span> <span class='ocrx_word' id='word_1_205' title='bbox 1311 1452 1424 1493; x_wconf 63' lang='lat' dir='ltr'>doni.</span> <span class='ocrx_word' id='word_1_206' title='bbox 1444 1452 1564 1506; x_wconf 85' lang='lat' dir='ltr'>Quae</span> <span class='ocrx_word' id='word_1_207' title='bbox 1584 1453 1650 1495; x_wconf 87' lang='lat' dir='ltr'>hic</span> 
     </span>
     <span class='ocr_line' id='line_1_25' title="bbox 382 1503 1646 1568; baseline -0.002 -19"><span class='ocrx_word' id='word_1_208' title='bbox 382 1507 525 1558; x_wconf 71' lang='grc' dir='ltr'>Βόλβη,</span> <span class='ocrx_word' id='word_1_209' title='bbox 545 1506 659 1562; x_wconf 85' lang='lat' dir='ltr'>supra</span> <span class='ocrx_word' id='word_1_210' title='bbox 682 1505 724 1554; x_wconf 89' lang='grc' dir='ltr'>Ι,</span> <span class='ocrx_word' id='word_1_211' title='bbox 755 1505 800 1568; x_wconf 76' lang='lat'>58</span> <span class='ocrx_word' id='word_1_212' title='bbox 815 1536 828 1554; x_wconf 92' lang='lat'>‚</span> <span class='ocrx_word' id='word_1_213' title='bbox 853 1504 909 1547; x_wconf 84' lang='lat' dir='ltr'>est</span> <span class='ocrx_word' id='word_1_214' title='bbox 926 1503 1055 1552; x_wconf 74' lang='grc' dir='ltr'><em>Βολβίι.</em></span> <span class='ocrx_word' id='word_1_215' title='bbox 1077 1505 1236 1558; x_wconf 56' lang='lat' dir='ltr'>’figimur</span> <span class='ocrx_word' id='word_1_216' title='bbox 1256 1505 1470 1558; x_wconf 63' lang='grc' dir='ltr'>ὃππσιμὶς</span> <span class='ocrx_word' id='word_1_217' title='bbox 1500 1507 1554 1548; x_wconf 74' lang='grc' dir='ltr'>εἰς</span> <span class='ocrx_word' id='word_1_218' title='bbox 1572 1507 1646 1552; x_wconf 61' lang='lat'>530-</span> 
     </span>
     <span class='ocr_line' id='line_1_26' title="bbox 381 1558 1648 1616; baseline -0.001 -13"><span class='ocrx_word' id='word_1_219' title='bbox 381 1575 537 1603; x_wconf 61' lang='grc' dir='ltr'><strong><em>λασσαν</em></strong></span> <span class='ocrx_word' id='word_1_220' title='bbox 549 1558 683 1602; x_wconf 69' lang='grc' dir='ltr'>Αῐὶὶςε</span> <span class='ocrx_word' id='word_1_221' title='bbox 694 1559 783 1611; x_wconf 76' lang='lat' dir='ltr'>dici,</span> <span class='ocrx_word' id='word_1_222' title='bbox 804 1572 854 1601; x_wconf 79' lang='lat' dir='ltr'>ex</span> <span class='ocrx_word' id='word_1_223' title='bbox 871 1559 951 1601; x_wconf 91' lang='lat' dir='ltr'>hoe</span> <span class='ocrx_word' id='word_1_224' title='bbox 971 1559 1065 1602; x_wconf 83' lang='lat' dir='ltr'>loco</span> <span class='ocrx_word' id='word_1_225' title='bbox 1083 1560 1198 1601; x_wconf 86' lang='lat' dir='ltr'>docet</span> <span class='ocrx_word' id='word_1_226' title='bbox 1214 1559 1390 1602; x_wconf 82' lang='lat' dir='ltr'>Thomas</span> <span class='ocrx_word' id='word_1_227' title='bbox 1404 1559 1588 1616; x_wconf 86' lang='lat' dir='ltr'>Magister</span> <span class='ocrx_word' id='word_1_228' title='bbox 1606 1562 1648 1602; x_wconf 87' lang='lat' dir='ltr'>in</span> 
     </span>
     <span class='ocr_line' id='line_1_27' title="bbox 378 1617 574 1664; baseline -0.01 -6"><span class='ocrx_word' id='word_1_229' title='bbox 378 1617 574 1664; x_wconf 66' lang='grc' dir='ltr'><strong>ἐκβάλλει.</strong></span> 
     </span>
    </p>
   </div>
   <div class='ocr_carea' id='block_1_13' title="bbox 440 1639 1701 1730">
    <p class='ocr_par' dir='ltr' id='par_1_13' title="bbox 440 1639 1701 1730">
     <span class='ocr_line' id='line_1_28' title="bbox 440 1639 1701 1730; baseline -0.002 -20"><span class='ocrx_word' id='word_1_230' title='bbox 440 1673 530 1723; x_wconf 81' lang='lat' dir='ltr'>Pag.</span> <span class='ocrx_word' id='word_1_231' title='bbox 549 1683 636 1724; x_wconf 77' lang='lat'><em>153.</em></span> <span class='ocrx_word' id='word_1_232' title='bbox 650 1639 678 1708; x_wconf 30' lang='lat' dir='ltr'>li</span> <span class='ocrx_word' id='word_1_233' title='bbox 691 1667 728 1708; x_wconf 85' lang='lat'>8.</span> <span class='ocrx_word' id='word_1_234' title='bbox 745 1662 950 1723; x_wconf 68' lang='grc' dir='ltr'>Ἔπροιξεν)</span> <span class='ocrx_word' id='word_1_235' title='bbox 969 1668 1061 1709; x_wconf 86' lang='lat' dir='ltr'>Non</span> <span class='ocrx_word' id='word_1_236' title='bbox 1075 1668 1240 1709; x_wconf 83' lang='lat' dir='ltr'>deterius</span> <span class='ocrx_word' id='word_1_237' title='bbox 1258 1666 1314 1708; x_wconf 86' lang='lat' dir='ltr'>est</span> <span class='ocrx_word' id='word_1_238' title='bbox 1326 1666 1496 1730; x_wconf 53' lang='lat' dir='ltr'>&#39;dn-potem</span> <span class='ocrx_word' id='word_1_239' title='bbox 1506 1698 1521 1716; x_wconf 96' lang='lat'><em>‚</em></span> <span class='ocrx_word' id='word_1_240' title='bbox 1535 1669 1647 1722; x_wconf 90' lang='lat' dir='ltr'>quod</span> <span class='ocrx_word' id='word_1_241' title='bbox 1699 1698 1701 1703; x_wconf 83' lang='lat'><em>.</em></span> 
     </span>
    </p>
   </div>
   <div class='ocr_carea' id='block_1_14' title="bbox 381 1721 1646 1779">
    <p class='ocr_par' dir='ltr' id='par_1_14' title="bbox 381 1721 1646 1779">
     <span class='ocr_line' id='line_1_29' title="bbox 381 1721 1646 1779; baseline -0.003 -13"><span class='ocrx_word' id='word_1_242' title='bbox 381 1725 539 1779; x_wconf 88' lang='lat' dir='ltr'>quidam</span> <span class='ocrx_word' id='word_1_243' title='bbox 566 1723 653 1764; x_wconf 81' lang='lat' dir='ltr'>libri</span> <span class='ocrx_word' id='word_1_244' title='bbox 671 1722 834 1772; x_wconf 88' lang='lat' dir='ltr'>habent,</span> <span class='ocrx_word' id='word_1_245' title='bbox 855 1722 897 1763; x_wconf 85' lang='lat'>&amp;</span> <span class='ocrx_word' id='word_1_246' title='bbox 916 1722 1032 1763; x_wconf 90' lang='lat' dir='ltr'>Valla</span> <span class='ocrx_word' id='word_1_247' title='bbox 1055 1723 1098 1764; x_wconf 76' lang='grc' dir='ltr'>δι</span> <span class='ocrx_word' id='word_1_248' title='bbox 1117 1723 1290 1763; x_wconf 84' lang='lat' dir='ltr'>Aeacius</span> <span class='ocrx_word' id='word_1_249' title='bbox 1307 1721 1425 1763; x_wconf 80' lang='lat' dir='ltr'>secuti</span> <span class='ocrx_word' id='word_1_250' title='bbox 1444 1721 1554 1771; x_wconf 78' lang='lat' dir='ltr'>sunt3</span> <span class='ocrx_word' id='word_1_251' title='bbox 1577 1724 1646 1777; x_wconf 86' lang='lat' dir='ltr'>qui</span> 
     </span>
    </p>
   </div>
   <div class='ocr_carea' id='block_1_15' title="bbox 380 1777 1695 1833">
    <p class='ocr_par' dir='ltr' id='par_1_15' title="bbox 380 1777 1695 1833">
     <span class='ocr_line' id='line_1_30' title="bbox 380 1777 1695 1833; baseline -0.001 -13"><span class='ocrx_word' id='word_1_252' title='bbox 380 1780 460 1820; x_wconf 87' lang='lat' dir='ltr'>hoc</span> <span class='ocrx_word' id='word_1_253' title='bbox 475 1779 604 1833; x_wconf 90' lang='lat' dir='ltr'>potius</span> <span class='ocrx_word' id='word_1_254' title='bbox 621 1777 670 1817; x_wconf 92' lang='lat' dir='ltr'>ad</span> <span class='ocrx_word' id='word_1_255' title='bbox 686 1777 879 1831; x_wconf 84' lang='lat' dir='ltr'>Argilios‚</span> <span class='ocrx_word' id='word_1_256' title='bbox 900 1778 968 1831; x_wconf 87' lang='lat' dir='ltr'>qui</span> <span class='ocrx_word' id='word_1_257' title='bbox 989 1777 1167 1829; x_wconf 89' lang='lat' dir='ltr'>Argilum</span> <span class='ocrx_word' id='word_1_258' title='bbox 1183 1777 1321 1817; x_wconf 88' lang='lat' dir='ltr'>urbem</span> <span class='ocrx_word' id='word_1_259' title='bbox 1343 1777 1508 1817; x_wconf 81' lang='lat' dir='ltr'>vicinam</span> <span class='ocrx_word' id='word_1_260' title='bbox 1534 1777 1646 1817; x_wconf 89' lang='lat' dir='ltr'>inco-</span> <span class='ocrx_word' id='word_1_261' title='bbox 1694 1815 1695 1819; x_wconf 75' lang='grc'>,</span> 
     </span>
    </p>
   </div>
   <div class='ocr_carea' id='block_1_16' title="bbox 373 1830 1646 2150">
    <p class='ocr_par' dir='ltr' id='par_1_16' title="bbox 373 1830 1646 2150">
     <span class='ocr_line' id='line_1_31' title="bbox 378 1830 1646 1886; baseline -0.003 -12"><span class='ocrx_word' id='word_1_262' title='bbox 378 1833 510 1874; x_wconf 88' lang='lat' dir='ltr'>lebant</span> <span class='ocrx_word' id='word_1_263' title='bbox 522 1862 534 1881; x_wconf 77' lang='lat'>‚</span> <span class='ocrx_word' id='word_1_264' title='bbox 552 1844 672 1886; x_wconf 90' lang='lat' dir='ltr'>quam</span> <span class='ocrx_word' id='word_1_265' title='bbox 695 1830 742 1871; x_wconf 89' lang='lat' dir='ltr'>ad</span> <span class='ocrx_word' id='word_1_266' title='bbox 758 1830 949 1871; x_wconf 80' lang='lat' dir='ltr'>Brafidam</span> <span class='ocrx_word' id='word_1_267' title='bbox 970 1831 1160 1885; x_wconf 87' lang='lat' dir='ltr'>pertinere</span> <span class='ocrx_word' id='word_1_268' title='bbox 1174 1830 1450 1871; x_wconf 86' lang='lat' dir='ltr'>existimarunt.</span> <span class='ocrx_word' id='word_1_269' title='bbox 1467 1831 1550 1871; x_wconf 91' lang='lat' dir='ltr'>Nee</span> <span class='ocrx_word' id='word_1_270' title='bbox 1563 1843 1646 1871; x_wconf 90' lang='lat' dir='ltr'>ma-</span> 
     </span>
     <span class='ocr_line' id='line_1_32' title="bbox 377 1882 1646 1939; baseline -0.003 -10"><span class='ocrx_word' id='word_1_271' title='bbox 377 1888 418 1930; x_wconf 86' lang='lat' dir='ltr'>le</span> <span class='ocrx_word' id='word_1_272' title='bbox 439 1887 609 1928; x_wconf 88' lang='lat' dir='ltr'>Aeacius</span> <span class='ocrx_word' id='word_1_273' title='bbox 633 1885 750 1935; x_wconf 86' lang='lat' dir='ltr'>haec,</span> <span class='ocrx_word' id='word_1_274' title='bbox 769 1883 941 1938; x_wconf 65' lang='grc' dir='ltr'>ἔπραξαν</span> <span class='ocrx_word' id='word_1_275' title='bbox 961 1905 1007 1916; x_wconf 87' lang='grc'>-</span> <span class='ocrx_word' id='word_1_276' title='bbox 1035 1882 1055 1927; x_wconf 71' lang='grc' dir='ltr'><strong><em>ᾖ</em></strong></span> <span class='ocrx_word' id='word_1_277' title='bbox 1080 1883 1215 1934; x_wconf 69' lang='grc' dir='ltr'>πόλις,</span> <span class='ocrx_word' id='word_1_278' title='bbox 1231 1895 1417 1938; x_wconf 88' lang='lat' dir='ltr'>tanquam</span> <span class='ocrx_word' id='word_1_279' title='bbox 1442 1884 1482 1924; x_wconf 89' lang='lat' dir='ltr'>in</span> <span class='ocrx_word' id='word_1_280' title='bbox 1505 1896 1646 1939; x_wconf 85' lang='lat' dir='ltr'>paren-</span> 
     </span>
     <span class='ocr_line' id='line_1_33' title="bbox 376 1937 1645 1993; baseline -0.002 -11"><span class='ocrx_word' id='word_1_281' title='bbox 376 1940 475 1982; x_wconf 62' lang='lat' dir='ltr'>thesi</span> <span class='ocrx_word' id='word_1_282' title='bbox 501 1940 600 1981; x_wconf 56' lang='lat' dir='ltr'>dista</span> <span class='ocrx_word' id='word_1_283' title='bbox 636 1939 797 1993; x_wconf 86' lang='lat' dir='ltr'>accepit.</span> <span class='ocrx_word' id='word_1_284' title='bbox 831 1939 956 1980; x_wconf 87' lang='lat' dir='ltr'>Etiam</span> <span class='ocrx_word' id='word_1_285' title='bbox 982 1951 1076 1979; x_wconf 89' lang='lat' dir='ltr'>cum</span> <span class='ocrx_word' id='word_1_286' title='bbox 1101 1938 1239 1979; x_wconf 88' lang='lat' dir='ltr'>eodem</span> <span class='ocrx_word' id='word_1_287' title='bbox 1273 1937 1362 1988; x_wconf 86' lang='lat' dir='ltr'>illa,</span> <span class='ocrx_word' id='word_1_288' title='bbox 1393 1938 1428 1979; x_wconf 69' lang='grc' dir='ltr'>ἂν</span> <span class='ocrx_word' id='word_1_289' title='bbox 1455 1937 1567 1988; x_wconf 61' lang='grc' dir='ltr'>ἐκείνῳ</span> <span class='ocrx_word' id='word_1_290' title='bbox 1595 1937 1645 1990; x_wconf 64' lang='grc' dir='ltr'>τῇ</span> 
     </span>
     <span class='ocr_line' id='line_1_34' title="bbox 378 1992 1646 2047; baseline -0.002 -11"><span class='ocrx_word' id='word_1_291' title='bbox 378 1996 509 2042; x_wconf 74' lang='grc' dir='ltr'><strong><em>νυκτὶ,</em></strong></span> <span class='ocrx_word' id='word_1_292' title='bbox 547 1994 679 2035; x_wconf 88' lang='lat' dir='ltr'>malim</span> <span class='ocrx_word' id='word_1_293' title='bbox 710 1993 951 2046; x_wconf 85' lang='lat' dir='ltr'>coniungere</span> <span class='ocrx_word' id='word_1_294' title='bbox 981 2006 1070 2034; x_wconf 88' lang='lat' dir='ltr'>cum</span> <span class='ocrx_word' id='word_1_295' title='bbox 1095 1992 1342 2047; x_wconf 82' lang='lat' dir='ltr'>sequentibus</span> <span class='ocrx_word' id='word_1_296' title='bbox 1356 2014 1370 2042; x_wconf 72' lang='lat'>⁵</span> <span class='ocrx_word' id='word_1_297' title='bbox 1401 1994 1646 2034; x_wconf 62' lang='grc' dir='ltr'>κατέστησαν</span> 
     </span>
     <span class='ocr_line' id='line_1_35' title="bbox 377 2045 1643 2142; baseline 0 -54"><span class='ocrx_word' id='word_1_298' title='bbox 377 2052 444 2142; x_wconf 61' lang='grc' dir='ltr'>τὴθν</span> <span class='ocrx_word' id='word_1_299' title='bbox 467 2050 652 2101; x_wconf 55' lang='grc' dir='ltr'>στρατιὴν,</span> <span class='ocrx_word' id='word_1_300' title='bbox 675 2060 793 2103; x_wconf 85' lang='lat' dir='ltr'>quam</span> <span class='ocrx_word' id='word_1_301' title='bbox 816 2060 907 2088; x_wconf 88' lang='lat' dir='ltr'>cum</span> <span class='ocrx_word' id='word_1_302' title='bbox 935 2047 1270 2102; x_wconf 84' lang='lat' dir='ltr'>praecedentibus,</span> <span class='ocrx_word' id='word_1_303' title='bbox 1295 2045 1536 2088; x_wconf 69' lang='grc' dir='ltr'>ἀποστάντες</span> <span class='ocrx_word' id='word_1_304' title='bbox 1571 2045 1643 2088; x_wconf 73' lang='grc' dir='ltr'>τῢν</span> 
     </span>
     <span class='ocr_line' id='line_1_36' title="bbox 373 2103 576 2150; baseline 0.005 -7"><span class='ocrx_word' id='word_1_305' title='bbox 373 2104 418 2150; x_wconf 64' lang='lat' dir='ltr'>{A</span> <span class='ocrx_word' id='word_1_306' title='bbox 440 2103 576 2144; x_wconf 71' lang='grc' dir='ltr'>ηνιιίων.</span> 
     </span>
    </p>
   </div>
   <div class='ocr_carea' id='block_1_17' title="bbox 435 2152 1687 2213">
    <p class='ocr_par' dir='ltr' id='par_1_17' title="bbox 435 2152 1687 2213">
     <span class='ocr_line' id='line_1_37' title="bbox 435 2152 1687 2213; baseline -0.002 -17"><span class='ocrx_word' id='word_1_307' title='bbox 435 2159 508 2196; x_wconf 85' lang='lat' dir='ltr'>ead.</span> <span class='ocrx_word' id='word_1_308' title='bbox 532 2158 556 2197; x_wconf 91' lang='lat' dir='ltr'>l.</span> <span class='ocrx_word' id='word_1_309' title='bbox 585 2170 643 2197; x_wconf 88' lang='lat'>11.</span> <span class='ocrx_word' id='word_1_310' title='bbox 668 2155 724 2197; x_wconf 79' lang='grc' dir='ltr'>Ἐν</span> <span class='ocrx_word' id='word_1_311' title='bbox 749 2155 888 2210; x_wconf 73' lang='grc' dir='ltr'>ἐκείνῃ)</span> <span class='ocrx_word' id='word_1_312' title='bbox 909 2153 1084 2196; x_wconf 89' lang='lat' dir='ltr'>Delenda</span> <span class='ocrx_word' id='word_1_313' title='bbox 1109 2153 1165 2196; x_wconf 86' lang='lat' dir='ltr'>est</span> <span class='ocrx_word' id='word_1_314' title='bbox 1191 2153 1450 2213; x_wconf 72' lang='lat' dir='ltr'>praepositio:</span> <span class='ocrx_word' id='word_1_315' title='bbox 1471 2152 1516 2194; x_wconf 75' lang='grc' dir='ltr'>δι</span> <span class='ocrx_word' id='word_1_316' title='bbox 1539 2152 1644 2195; x_wconf 66' lang='lat' dir='ltr'>recle</span> <span class='ocrx_word' id='word_1_317' title='bbox 1683 2205 1687 2213; x_wconf 64' lang='lat'><em>,</em></span> 
     </span>
    </p>
   </div>
   <div class='ocr_carea' id='block_1_18' title="bbox 375 2209 767 2252">
    <p class='ocr_par' dir='ltr' id='par_1_18' title="bbox 375 2209 767 2252">
     <span class='ocr_line' id='line_1_38' title="bbox 375 2209 767 2252; baseline -0.008 0"><span class='ocrx_word' id='word_1_318' title='bbox 375 2209 485 2252; x_wconf 86' lang='lat' dir='ltr'>abest</span> <span class='ocrx_word' id='word_1_319' title='bbox 507 2209 595 2251; x_wconf 83' lang='lat' dir='ltr'>Mff.</span> <span class='ocrx_word' id='word_1_320' title='bbox 619 2212 767 2252; x_wconf 73' lang='lat' dir='ltr'>WAss.</span> 
     </span>
    </p>
   </div>
   <div class='ocr_carea' id='block_1_19' title="bbox 436 2241 1682 2319">
    <p class='ocr_par' dir='ltr' id='par_1_19' title="bbox 436 2241 1682 2319">
     <span class='ocr_line' id='line_1_39' title="bbox 436 2241 1682 2319; baseline -0.002 -14"><span class='ocrx_word' id='word_1_321' title='bbox 436 2267 511 2305; x_wconf 83' lang='lat' dir='ltr'>ead.</span> <span class='ocrx_word' id='word_1_322' title='bbox 527 2265 552 2304; x_wconf 92' lang='lat' dir='ltr'>l.</span> <span class='ocrx_word' id='word_1_323' title='bbox 571 2278 631 2304; x_wconf 81' lang='lat'>12.</span> <span class='ocrx_word' id='word_1_324' title='bbox 650 2263 802 2319; x_wconf 69' lang='grc' dir='ltr'>Πρόσω)</span> <span class='ocrx_word' id='word_1_325' title='bbox 822 2263 915 2304; x_wconf 87' lang='lat' dir='ltr'>Hoc</span> <span class='ocrx_word' id='word_1_326' title='bbox 932 2262 1047 2304; x_wconf 90' lang='lat' dir='ltr'>Valla</span> <span class='ocrx_word' id='word_1_327' title='bbox 1059 2262 1104 2303; x_wconf 72' lang='grc' dir='ltr'>δι</span> <span class='ocrx_word' id='word_1_328' title='bbox 1122 2261 1265 2305; x_wconf 76' lang='lat' dir='ltr'>Portus</span> <span class='ocrx_word' id='word_1_329' title='bbox 1282 2262 1324 2302; x_wconf 82' lang='lat' dir='ltr'>in</span> <span class='ocrx_word' id='word_1_330' title='bbox 1341 2241 1520 2303; x_wconf 74' lang='lat' dir='ltr'>versione</span> <span class='ocrx_word' id='word_1_331' title='bbox 1535 2273 1644 2316; x_wconf 86' lang='lat' dir='ltr'>prae·</span> <span class='ocrx_word' id='word_1_332' title='bbox 1680 2272 1682 2275; x_wconf 74' lang='grc'>’</span> 
     </span>
    </p>
   </div>
   <div class='ocr_carea' id='block_1_20' title="bbox 378 2313 1643 2480">
    <p class='ocr_par' dir='ltr' id='par_1_20' title="bbox 378 2313 1643 2480">
     <span class='ocr_line' id='line_1_40' title="bbox 381 2313 1643 2371; baseline -0.004 -11"><span class='ocrx_word' id='word_1_333' title='bbox 381 2319 580 2360; x_wconf 82' lang='lat' dir='ltr'>terierunt.</span> <span class='ocrx_word' id='word_1_334' title='bbox 607 2317 777 2358; x_wconf 86' lang='lat' dir='ltr'>Aeacius</span> <span class='ocrx_word' id='word_1_335' title='bbox 797 2319 915 2358; x_wconf 87' lang='lat' dir='ltr'>vertit</span> <span class='ocrx_word' id='word_1_336' title='bbox 942 2320 994 2357; x_wconf 86' lang='lat' dir='ltr'>ad</span> <span class='ocrx_word' id='word_1_337' title='bbox 1007 2328 1112 2370; x_wconf 78' lang='lat' dir='ltr'>caput</span> <span class='ocrx_word' id='word_1_338' title='bbox 1129 2317 1270 2371; x_wconf 87' lang='lat' dir='ltr'>pontis.</span> <span class='ocrx_word' id='word_1_339' title='bbox 1286 2316 1386 2356; x_wconf 88' lang='lat' dir='ltr'>Mihi</span> <span class='ocrx_word' id='word_1_340' title='bbox 1402 2313 1643 2356; x_wconf 69' lang='lat' dir='ltr'>confiderun-</span> 
     </span>
     <span class='ocr_line' id='line_1_41' title="bbox 378 2365 1640 2426; baseline -0.003 -13"><span class='ocrx_word' id='word_1_341' title='bbox 378 2374 429 2413; x_wconf 88' lang='lat' dir='ltr'>da</span> <span class='ocrx_word' id='word_1_342' title='bbox 450 2373 602 2414; x_wconf 85' lang='lat' dir='ltr'>videtur</span> <span class='ocrx_word' id='word_1_343' title='bbox 615 2370 827 2426; x_wconf 87' lang='lat' dir='ltr'>scriptura,</span> <span class='ocrx_word' id='word_1_344' title='bbox 845 2384 946 2424; x_wconf 86' lang='lat' dir='ltr'>quae</span> <span class='ocrx_word' id='word_1_345' title='bbox 965 2370 1021 2411; x_wconf 89' lang='lat' dir='ltr'>est</span> <span class='ocrx_word' id='word_1_346' title='bbox 1044 2371 1083 2410; x_wconf 90' lang='lat' dir='ltr'>in</span> <span class='ocrx_word' id='word_1_347' title='bbox 1104 2383 1225 2424; x_wconf 85' lang='lat' dir='ltr'>marg.</span> <span class='ocrx_word' id='word_1_348' title='bbox 1246 2369 1346 2411; x_wconf 89' lang='lat' dir='ltr'>Cod.</span> <span class='ocrx_word' id='word_1_349' title='bbox 1365 2367 1468 2410; x_wconf 81' lang='lat' dir='ltr'>Caff.</span> <span class='ocrx_word' id='word_1_350' title='bbox 1489 2371 1560 2423; x_wconf 65' lang='grc' dir='ltr'>πρὸ</span> <span class='ocrx_word' id='word_1_351' title='bbox 1583 2365 1640 2409; x_wconf 78' lang='grc' dir='ltr'>ἕω.</span> 
     </span>
     <span class='ocr_line' id='line_1_42' title="bbox 434 2420 1642 2480; baseline -0.004 -13"><span class='ocrx_word' id='word_1_352' title='bbox 434 2428 529 2480; x_wconf 81' lang='lat' dir='ltr'>Pag.</span> <span class='ocrx_word' id='word_1_353' title='bbox 555 2424 640 2479; x_wconf 79' lang='lat'>158.</span> <span class='ocrx_word' id='word_1_354' title='bbox 659 2426 685 2466; x_wconf 79' lang='lat' dir='ltr'>l.</span> <span class='ocrx_word' id='word_1_355' title='bbox 708 2441 746 2476; x_wconf 85' lang='lat'>4.</span> <span class='ocrx_word' id='word_1_356' title='bbox 763 2425 982 2479; x_wconf 71' lang='grc' dir='ltr'>Τοαυτίκοι)</span> <span class='ocrx_word' id='word_1_357' title='bbox 1005 2426 1052 2463; x_wconf 70' lang='lat' dir='ltr'>To</span> <span class='ocrx_word' id='word_1_358' title='bbox 1076 2421 1219 2465; x_wconf 71' lang='grc' dir='ltr'>αὖτίκοι</span> <span class='ocrx_word' id='word_1_359' title='bbox 1250 2423 1319 2464; x_wconf 90' lang='lat' dir='ltr'>Ar.</span> <span class='ocrx_word' id='word_1_360' title='bbox 1343 2423 1391 2464; x_wconf 87' lang='lat' dir='ltr'>C.</span> <span class='ocrx_word' id='word_1_361' title='bbox 1418 2423 1517 2476; x_wconf 88' lang='lat' dir='ltr'>Reg.</span> <span class='ocrx_word' id='word_1_362' title='bbox 1538 2420 1642 2463; x_wconf 57' lang='lat' dir='ltr'>Cafl}</span> 
     </span>
    </p>
   </div>
   <div class='ocr_carea' id='block_1_21' title="bbox 381 2474 1639 2532">
    <p class='ocr_par' dir='ltr' id='par_1_21' title="bbox 381 2474 1639 2532">
     <span class='ocr_line' id='line_1_43' title="bbox 381 2474 1639 2532; baseline -0.003 -8"><span class='ocrx_word' id='word_1_363' title='bbox 381 2478 454 2524; x_wconf 75' lang='lat' dir='ltr'>Gr,</span> <span class='ocrx_word' id='word_1_364' title='bbox 490 2481 532 2524; x_wconf 86' lang='lat'>&amp;</span> <span class='ocrx_word' id='word_1_365' title='bbox 569 2480 648 2532; x_wconf 85' lang='lat' dir='ltr'>ita,</span> <span class='ocrx_word' id='word_1_366' title='bbox 671 2480 709 2522; x_wconf 88' lang='lat' dir='ltr'>ni</span> <span class='ocrx_word' id='word_1_367' title='bbox 740 2477 871 2532; x_wconf 79' lang='lat' dir='ltr'>fallor,</span> <span class='ocrx_word' id='word_1_368' title='bbox 904 2479 944 2522; x_wconf 92' lang='lat' dir='ltr'>in</span> <span class='ocrx_word' id='word_1_369' title='bbox 977 2489 1162 2523; x_wconf 88' lang='lat' dir='ltr'>contextu</span> <span class='ocrx_word' id='word_1_370' title='bbox 1185 2476 1325 2522; x_wconf 80' lang='lat' dir='ltr'>noster.</span> <span class='ocrx_word' id='word_1_371' title='bbox 1353 2474 1438 2526; x_wconf 76' lang='lat' dir='ltr'>vl,</span> <span class='ocrx_word' id='word_1_372' title='bbox 1468 2489 1516 2532; x_wconf 81' lang='lat'>57</span> <span class='ocrx_word' id='word_1_373' title='bbox 1537 2474 1639 2520; x_wconf 76' lang='lat' dir='ltr'>Caff.</span> 
     </span>
    </p>
   </div>
   <div class='ocr_carea' id='block_1_22' title="bbox 1660 718 1728 3120">
    <p class='ocr_par' dir='ltr' id='par_1_22' title="bbox 1660 718 1728 3120">
     <span class='ocr_line' id='line_1_44' title="bbox 1660 718 1728 3120; baseline 0 0"><span class='ocrx_word' id='word_1_374' title='bbox 1660 718 1728 3120; x_wconf 95' lang='lat' dir='ltr'> </span> 
     </span>
    </p>
   </div>
   <div class='ocr_carea' id='block_1_23' title="bbox 1715 0 1728 543">
    <p class='ocr_par' dir='ltr' id='par_1_23' title="bbox 1715 0 1728 543">
     <span class='ocr_line' id='line_1_45' title="bbox 1715 0 1728 543; textangle 90"><span class='ocrx_word' id='word_1_375' title='bbox 1716 437 1728 543; x_wconf 53' lang='lat' dir='ltr'>„z-oAmS</span> <span class='ocrx_word' id='word_1_376' title='bbox 1715 214 1728 427; x_wconf 52' lang='lat' dir='ltr'>¹ffl..*·.„.z..⁴-.</span> <span class='ocrx_word' id='word_1_377' title='bbox 1721 190 1728 201; x_wconf 54' lang='lat' dir='ltr'>r</span> <span class='ocrx_word' id='word_1_378' title='bbox 1716 140 1728 182; x_wconf 70' lang='grc'><em>.“;.-</em></span> <span class='ocrx_word' id='word_1_379' title='bbox 1718 99 1728 118; x_wconf 56' lang='grc' dir='ltr'>η*</span> <span class='ocrx_word' id='word_1_380' title='bbox 1720 0 1728 80; x_wconf 43' lang='grc' dir='ltr'>ἐμ».-</span> 
     </span>
    </p>
   </div>
  </div>
 </body>
</html>
