1728 3120
316 161 416 223 '476
521 158 1395 209 ANNOTATIONES

311 251 442 304 ponit:
472 250 625 292 ’Emisit
651 250 766 316 <pinos
789 250 971 304 ἐγεγόνει
1003 249 1084 291 τοῖς
1105 249 1303 293 Ἀθηναίοις
1328 249 1449 306 ἠξίουν
1474 248 1591 325 adv?

313 302 502 358 τεκμήριόν
525 320 564 346 τι
590 320 778 359 παρεχειν
795 304 941 357 φιλίας.

368 366 461 421 Pag.
487 379 574 420 199.
597 369 623 406 l.
650 382 686 407 2.
708 365 928 420 Ἀμεινίας)
954 366 1076 414 Aliis,
1102 377 1147 408 ut
1171 367 1313 416 credo,
1344 367 1514 419 Ἀμινίατ
1531 369 1593 408 di-

314 419 428 460 citur.
450 419 624 460 Aminias
637 421 830 460 Archonti
852 420 1020 474 Olymp.
1037 421 1264 469 LXXXIX,
1280 437 1302 462 2
1320 435 1464 463 nomen
1485 435 1590 472 erat,

314 486 435 526 quem
456 487 546 514 cum
563 474 680 514 libere
700 475 743 515 δι
765 474 920 528 impune
938 475 1138 516 traducere
1160 488 1242 516 non
1260 476 1417 525 liceret,
1443 476 1592 517 Aristo-

315 527 460 580 phanes
494 528 601 568 illum
629 537 783 568 mutato
814 528 975 581 paulum
1011 530 1169 570 nomine
1195 529 1368 582 Ἀμυνίαν
1396 530 1593 584 appellat,

315 580 548 622 observante
572 581 783 622 Scholiaste
810 583 858 621 ad
876 582 1057 632 Νεφέλας.
1078 584 1220 624 HUDS.

369 647 443 684 ead.
469 645 493 683 l.
521 645 559 685 6.
584 643 668 684 Τοῖς
702 643 962 699 ἐντυχοῦσιν)
987 644 1212 687 Scholiastes
1237 658 1398 700 quoque
1421 644 1594 700 agnoscit

314 696 541 752 scripturam
565 698 748 751 marginis
766 698 847 739 τοῖς
867 694 1100 751 εὐτυχοῦσι,
1121 699 1164 740 ὃ(
1188 699 1302 740 fimul
1322 710 1456 740 monet
1475 699 1522 740 de
1541 699 1595 739 al-

316 762 400 791 tera
426 751 611 800 leffione,
647 765 747 805 quae
781 751 837 792 est
864 753 904 792 in
937 753 1118 793 omnibus
1151 753 1243 794 aliis.
1272 753 1349 798 Sed
1382 753 1476 794 haec
1505 765 1594 807 pars

318 804 464 845 Scholii
483 819 564 847 non
587 804 643 846 est
665 806 705 845 in
731 805 831 847 Cass'.
856 806 976 859 Quos
1008 817 1138 847 autem
1160 807 1222 848 hic
1246 806 1332 848 τοὺς
1355 807 1594 861 ἐντυχόντας

317 870 438 900 vocat
457 859 726 913 Thucydides,
760 859 835 900 hos
867 861 930 900 alii
958 859 1043 900 τοὺς
1073 860 1276 914 τύχοντας
1303 863 1422 915 magis
1454 861 1596 902 dicunt.

319 911 413 961 Ina,
438 913 512 954 τῶν
536 913 682 954 πόλεων
707 910 901 968 ἄρχοντας
926 913 1185 962 καθιστάναι,
1203 914 1396 970 descripfit
1419 915 1596 956 Thomas

319 967 362 1007 in
386 969 639 1019 καθίσταμαι.
668 967 846 1009 DUKER.
873 968 1012 1008 Scribe·
1026 970 1189 1009 omnino
1216 982 1307 1010 cum
1335 969 1463 1010 Schol·
1490 969 1596 1009 ἐντυ-

319 1020 455 1075 χοῦσι.
482 1022 514 1062 F
515 1033 603 1062 avet
634 1023 759 1075 Marg.
786 1037 803 1063 ν
827 1035 850 1061 a
869 1022 1033 1062 librariis
1053 1022 1107 1062 ob
1125 1022 1278 1064 hiatum
1298 1022 1490 1064 inseritur.
1511 1022 1593 1070 ΙΙΙ,

319 1089 363 1125 7,
382 1075 511 1126 ἀφίησι
524 1071 639 1116 αὐτος
654 1089 729 1131 pro
749 1076 896 1126 ἀφίησιν
915 1075 987 1117 Gr.
1004 1075 1062 1126 II,
1079 1077 1127 1129 56
1139 1107 1152 1124 ‚
1169 1077 1280 1116 ναυσὶ
1292 1107 1306 1126 ,
1318 1076 1383 1117 ὅτε
1402 1076 1476 1118 Gr.
1495 1088 1594 1131 puto

320 1130 374 1169 ob
388 1130 536 1170 hiatuin
551 1130 666 1171 re&e.
678 1129 756 1170 VII
769 1161 782 1179 ‚
795 1130 847 1170 60
858 1160 873 1177 ,
882 1129 962 1169 τοῖς·
976 1130 1151 1170 ἀσθενέσι
1163 1129 1287 1171 ἱκανὶν
1331 1130 1480 1172 ericam
1494 1130 1596 1173 Caff.

321 1182 378 1225 III
391 1213 405 1231 ,
428 1183 502 1233 68,
524 1183 639 1225 εἰἰιοσι
662 1184 733 1225 Gr.
754 1183 833 1225 fine
855 1199 885 1226 ν.
908 1183 1019 1226 bene.
1042 1184 1120 1233 ΙΙΙ,
1134 1199 1177 1237 7,
1196 1144 1328 1224 eumz
1341 1199 1388 1225 τε
1403 1183 1491 1226 Mss'.
1513 1198 1597 1226 non

324 1234 479 1279 αὐτόθεν
502 1252 558 1280 τε.
575 1240 723 1279 WAss.

374 1295 448 1332 ead.
470 1293 495 1332 l.
528 1307 588 1332 12.
614 1291 851 1347 Ἀπολώλει)
875 1290 1083 1344 Διεφθάριι,
1112 1291 1221 1354 quod
1245 1290 1300 1333 est
1318 1291 1360 1332 in
1376 1304 1508 1347 marg.
1526 1293 1598 1333 ha-

321 1345 389 1387 bet
413 1347 530 1387 etiam
552 1345 804 1394 Scholiastes‚
825 1359 917 1387 cum
943 1345 1129 1402 scriptura
1157 1346 1322 1388 aliorum
1340 1345 1542 1388 librorum.
1558 1350 1599 1388 A

320 1399 423 1442 Cass'.
453 1399 558 1441 abest
582 1400 677 1441 haec
700 1401 916 1441 annotatio.

375 1466 450 1503 ead.
481 1463 505 1502 l.
533 1477 594 1518 13.
616 1463 673 1505 Ἐν
692 1458 852 1519 Ἄργει)
874 1462 922 1503 In
946 1463 1136 1518 Argolide
1162 1462 1252 1503 dicit
1272 1462 1468 1518 Pompon.
1491 1463 1602 1505 Mela

322 1514 383 1566 11,
409 1532 442 1570 3.
469 1516 595 1557 Situm
617 1517 785 1571 designat
805 1517 1006 1558 Pausanias
1029 1518 1069 1557 in
1091 1517 1272 1558 Corinth.
1296 1529 1332 1557 c.
1360 1517 1499 1559 XVII:
1519 1522 1601 1558 Mu-

323 1571 438 1612 κηνῶν
461 1570 507 1611 s‘e
535 1571 571 1613 ἐν
604 1571 781 1626 ἀριστερᾷ
813 1572 928 1613 πέντε
958 1572 1112 1625 ἀπέχει
1143 1571 1212 1611 καὶ
1237 1570 1340 1612 se'm
1368 1570 1521 1612 στάδιοι
1551 1575 1598 1612 τὶ

320 1623 472 1679 Ἢραῒον.
499 1625 550 1667 Et
579 1626 698 1680 paulo
728 1625 836 1680 post:
862 1623 961 1666 Assr‘o
986 1625 1034 1666 st
1059 1628 1105 1666 τὶι
1132 1623 1221 1678 ἱερὸν
1242 1625 1343 1667 ἐστιν
1368 1625 1404 1667 ἐν
1435 1625 1602 1681 χθαμα-

322 1682 472 1733 λωτέρῳ
497 1677 564 1720 τῆς
591 1677 756 1726 Εὖβοίας.
783 1683 827 1720 τὸ
855 1682 936 1734 ‘7321’
961 1679 1010 1721 832
1033 1678 1112 1734 ’ὄρος
1137 1676 1249 1720 τοῦτο
1271 1678 1506 1731 ὀνομάζουσιν
1531 1678 1600 1720 Εὕ-

320 1733 441 1780 βοιαν.
468 1732 609 1773 Strabo
632 1733 750 1783 VIII,
780 1747 867 1788 pag.
902 1733 1004 1788 368,
1033 1733 1166 1776 decem
1189 1731 1315 1773 stadiis
1334 1746 1359 1774 a
1387 1733 1600 1787 Mycenis,

321 1788 574 1841 quadraginta
592 1788 640 1828 ab
661 1788 777 1841 Argis
794 1786 920 1829 abeffe
939 1786 1082 1828 scribit.

380 1849 474 1900 Pag.
503 1861 594 1888 200.
616 1849 642 1888 l.
671 1863 705 1903 3.
730 1851 785 1889 Ἐς
806 1847 1022 1903 Φλιοῦντα.)
1039 1849 1212 1903 Tegeam
1231 1846 1388 1889 Pausan.
1410 1848 1438 1890 l.
1458 1848 1494 1889 d.
1515 1847 1603 1890 Cle·
1684 1885 1688 1902 Γ

325 1903 466 1942 mentis
491 1902 700 1943 Alexandr.
720 1903 762 1943 in
782 1903 972 1958 Protrept.
993 1916 1080 1957 pag.
1107 1917 1154 1958 35
1169 1934 1181 1953 ,
1201 1903 1244 1944 &
1273 1903 1342 1956 qui
1358 1915 1449 1944 eum
1475 1901 1601 1957 sequi-

325 1965 393 1997 tur
408 1987 421 2005 ‚
442 1956 612 1996 Arnobii
637 1956 698 1997 VI
714 1988 728 2005 ‚
748 1971 785 2012 p.
815 1970 908 2010 207,
941 1956 1086 1998 nullam
1117 1957 1308 1998 rationem
1339 1956 1458 1998 habet
1483 1956 1601 1998 Scali-

325 2023 394 2063 ger
413 2010 459 2050 ad
484 2009 621 2051 Euseb.
647 2010 796 2052 Chron.
818 2025 856 2066 p.
882 2024 978 2061 1043
992 2011 1060 2051 ubi
1083 2011 1135 2051 ab
1159 2011 1217 2051 his
1235 2023 1398 2065 quoque
1415 2016 1446 2049 X
1466 2009 1600 2058 υσίέοι,

324 2077 407 2105 non
430 2063 651 2118 Χρυσηΐὲα,
677 2066 816 2106 vocari
838 2064 1032 2106 observat.
1049 2065 1096 2106 de
1117 2078 1200 2119 quo
1220 2064 1335 2119 supra
1352 2064 1401 2106 ad
1420 2027 1485 2114 If,
1507 2079 1543 2104 2.

379 2128 455 2165 ead.
477 2125 502 2164 l.
522 2139 560 2173 4.
582 2124 748 2180 Ἱέρειαν)
767 2126 948 2167 Omnino
971 2124 1100 2178 ἱερείαν
1114 2124 1354 2166 scribendum
1373 2124 1601 2165 Atticorum

324 2191 451 2219 more.
475 2179 576 2218 Vide
598 2177 774 2232 Etyi'nol.
795 2180 854 2219 M.
879 2178 1100 2228 auam-em,
1126 2179 1167 2218 in
1189 2191 1294 2219 voce
1317 2178 1514 2234 ἐγχείῃσι.
1534 2178 1602 2219 De

325 2231 588 2273 sacerdotibus
606 2231 767 2274 Iunonis
788 2233 878 2274 vide
898 2232 1042 2274 Valefii
1069 2243 1183 2274 notas
1204 2233 1246 2272 in
1268 2231 1460 2287 Excerpta
1478 2231 1602 2285 Poly-

327 2287 381 2328 bii
403 2301 443 2341 p.
505 2299 555 2339 50
572 2286 630 2327 ed.
653 2287 813 2328 Amstel.
837 2288 977 2328 Huns.
1000 2287 1067 2328 De
1101 2294 1263 2328 accentu
1288 2286 1328 2326 in
1350 2284 1460 2341 ἱέρεια
1489 2286 1602 2327 aliter

328 2340 445 2384 sentit
503 2340 639 2381 homas
662 2340 844 2394 Magister
866 2341 904 2381 h.
933 2355 975 2381 v.

395 2406 469 2443 ead.
489 2404 514 2443 l.
545 2415 578 2457 ς.
594 2403 689 2445 ’Έτη
711 2403 757 2443 δὲ
783 2403 948 2456 Χρυσὶς)
972 2402 1075 2444 Vide
1100 2402 1317 2444 Meurfium
1338 2402 1387 2444 de
1410 2402 1602 2444 Archont.

331 2456 476 2500 Athen.
499 2456 525 2498 1.
557 2472 605 2512 3,
633 2470 669 2499 c.
693 2459 730 2500 6.
752 2458 893 2499 Huns.
915 2457 1073 2499 Scholia
1095 2456 1197 2499 Caff.
1223 2457 1288 2498 hie
1309 2456 1514 2512 anQnto
1537 2469 1606 2498 au·
