1728 3120
333 174 431 218 4m
542 155 1413 225 ANNOTATIONES

335 243 424 284 simu
445 242 580 296 ὶο-ἓιμὶν
598 245 670 284 τὰς
692 240 781 284 ναῦς
793 273 808 290 ,
827 241 930 283 ὅπως
945 240 999 294 μῗι
1014 240 1283 295 περιπλέοντες
1305 240 1456 291 ὀφθῶσιν
1468 271 1483 288 ,
1506 241 1602 282 ἀπο·

337 296 567 350 κομίζονται.

339 389 341 393 ⁴
395 353 488 405 Pag.
517 366 576 392 11.
599 352 624 392 l.
649 352 687 391 6.
711 351 823 390 Κοιτέι
852 352 905 390 τὰ
930 349 1205 400 ἐπεσταλμένα
1223 345 1298 388 ὑπο
1329 348 1611 404 Δημοσθένους)

332 404 575 448 'Ammonius
597 404 816 445 ἐπιστεῖλαι
838 401 1011 445 εοειτᾶειι
1034 404 1083 444 ad
1103 404 1246 443 literas.
1263 402 1505 443 Ἐπιστεῖλοιι
1526 403 1610 455 μὲν,

339 460 490 514 inquit,
525 459 595 499 m
629 460 886 512 γραμμάτων.
916 456 1155 508 'Eme-midan
1186 455 1232 496 st
1265 454 1338 495 saza
1369 457 1507 510 λόγων.
1536 456 1611 497 Sed

340 513 518 555 Thomas
543 513 696 567 Magist.
729 513 768 552 in
792 511 1090 563 Ἐπετειλέιμηνε
1113 510 1354 551 'Eme-reram
1377 505 1416 550 οὗ
1436 508 1544 561 μόνον
1565 513 1611 550 τὶ

342 566 414 607 si&
434 568 679 622 ’γραμμάτων
691 596 706 614 ,
724 566 830 606 ἀλλὰ
851 566 916 605 κα.)
939 568 984 604 τὸ
1004 560 1313 619 αὖτοπροσώπως
1329 562 1524 604 κελεῦσαι.
1543 565 1611 604 noe)

343 621 528 661 ἐπιστολὴ
554 617 748 661 ὧσοώτως.
778 620 827 660 Et
846 619 952 660 hunc
974 618 1087 660 usum
1111 617 1177 659 τοῦ
1202 616 1421 660 ἐπιστεῖλαι
1444 616 1547 658 reste
1563 630 1614 658 ex

343 675 422 716 hoe
438 676 480 717 &
500 675 578 715 alio
598 674 692 715 loco
710 673 951 725 Thucydidis
970 672 1143 714 ostendit.
1168 671 1231 713 Sic
1247 670 1446 726 Aristoph.
1467 670 1612 712 Nubib.

344 729 448 770 608:
471 727 512 768 ‘H
538 729 683 770 Σελίινιι
710 726 944 782 συντυχοῦσ’
972 725 1057 778 ἧμῖν
1080 726 1281 767 ἐπέστειλε
1304 738 1336 777 φ
1355 725 1452 766 &aaa
1472 724 1612 778 Πρῶτοι

344 782 413 835 μὲν
440 783 588 850 χαίρειν
619 781 833 823 Ἀθηνοιῖοις.
859 779 1046 833 Aeschyl.
1081 780 1187 835 Sept.
1262 793 1302 819 v.
1373 779 1459 819 heb.
1489 793 1614 819 1020:

346 833 461 877 Οὕτω
482 851 552 890 μεν
571 835 667 889 ἀμφὶ
689 834 1067 889 τοῦὸἶέπὲοτοιλτοιι
1090 835 1230 888 λέγειν.
1278 834 1364 874 lura
1382 833 1429 875 de
1449 832 1528 874 hoc
1537 863 1553 881 ,
1571 833 1613 875 &

346 891 395 932 de
418 890 602 931 ἐπιστολὴ
628 889 783 931 Stanlei.
806 889 854 930 ad
872 888 1010 930 Aesch.
1030 887 1225 929 Prometh.
1248 901 1292 928 v.
1311 902 1348 942 3.

403 948 477 985 ead.
499 946 524 984 l.
561 958 620 984 11.
648 943 748 984 Νεῶν
773 939 964 997 βοήθειαν)
987 943 1080 984 Hoc
1102 943 1194 983 loco
1214 942 1354 982 mirum
1375 940 1431 982 est
1454 937 1616 988 βοήθειαν

348 1000 446 1055 poni
503 1011 551 1040 ro
577 997 715 1048 ἔφοὸον.
738 1010 827 1037 nam
851 993 996 1044 ssoi'rflem
1020 996 1075 1037 est
1101 997 1316 1037 amicorum
1338 995 1544 1045 auxilium,
1575 996 1616 1035 δι

350 1013 505 1094 ἱοῑιείῖἓ
523 1065 605 1093 non
627 1052 825 1093 invenitur
844 1051 935 1092 alibi
959 1064 1007 1092 ea
1025 1063 1111 1091 vox
1129 1050 1170 1089 in
1191 1050 1269 1090 hoc
1289 1048 1520 1103 significatu,
1548 1049 1618 1089 nifi

350 1107 453 1162 apud
478 1106 702 1149 Diodorum
726 1106 800 1147 Sic.
820 1104 844 1147 l.
871 1119 942 1155 14,
959 1120 997 1160 p.
1017 1119 1094 1155 422
1117 1103 1175 1144 ed.
1195 1103 1326 1158 Steph.
1348 1102 1556 1144 Palmerius
1576 1104 1618 1144 in

349 1161 623 1203 Exercitation.
649 1172 736 1215 pag.
763 1173 822 1212 50.
845 1159 984 1200 Huns.
1007 1158 1126 1199 Addit
1146 1157 1356 1198 Palmerius
1376 1158 1502 1198 verba
1518 1156 1620 1197 Dio-

350 1216 438 1256 dori
459 1215 506 1256 de
525 1212 902 1268 Carthaginiensibus
913 1244 928 1261 ,
945 1213 1014 1268 qui
1035 1213 1208 1265 Motyen
1227 1210 1450 1252 habitabant
1461 1242 1476 1259 ‚
1493 1211 1619 1252 immi-

349 1279 467 1310 nente
486 1270 534 1310 iis
558 1282 648 1310 cum
677 1266 823 1322 magnis
850 1268 971 1322 copiis
999 1265 1204 1319 Dionysio
1224 1274 1418 1318 tyranno:
1443 1264 1621 1318 npocss-

352 1323 509 1378 χόμενοι
531 1322 597 1364 τὴν
618 1323 661 1362 ἐκ,
679 1320 943 1376 Καρχηδονίων
961 1320 1119 1372 savam
1145 1316 1184 1360 οὖ
1210 1315 1522 1361 κατεπλήττοντο
1551 1318 1621 1360 τὴν

350 1377 542 1418 Διονυσίου
553 1372 734 1424 βοῆθειαν,
755 1388 801 1416 ac
822 1375 931 1426 dicit,
945 1375 998 1415 ibi
1012 1373 1173 1422 βοήθειαν
1195 1385 1278 1414 non
1301 1372 1414 1413 aliter
1433 1372 1540 1428 pofl'e
1555 1385 1622 1414 ac-

351 1432 453 1486 cipi,
473 1444 590 1484 quam
611 1443 688 1485 pro
706 1431 916 1484 aggrffone.
939 1429 1018 1471 Vel
1039 1437 1264 1482 argutantur,
1288 1426 1356 1468 vel
1376 1439 1458 1468 non
1482 1426 1621 1467 intelli-

352 1498 407 1539 go
426 1486 526 1526 illius
543 1484 788 1526 sententiam:
808 1497 898 1525 nam
921 1496 1003 1524 non
1024 1484 1162 1524 videre
1181 1479 1355 1536 poffum,
1377 1477 1540 1527 βοήθειαν
1560 1481 1622 1521 hic

355 1540 465 1586 aliter
483 1538 677 1595 usurpari,
697 1551 817 1592 quam
835 1538 928 1578 alibi
947 1537 1049 1593 apud
1062 1535 1333 1590 Thucydidem
1349 1536 1393 1577 δι
1407 1534 1514 1576 alios.
1529 1534 1624 1576 Sen-

354 1595 475 1635 tentia
499 1593 614 1635 huius
631 1592 711 1634 loci
729 1591 783 1633 est
796 1623 811 1639 ‚
832 1590 1133 1646 Peloponnefios
1153 1587 1381 1645 exspeRaffe
1396 1588 1441 1630 &
1464 1590 1622 1644 praevi-

353 1647 469 1695 diffe,
489 1648 664 1689 Atticam
683 1645 860 1694 claffem,
881 1655 1020 1701 utpote
1041 1646 1218 1693 amicam,
1242 1643 1394 1684 auxilio
1413 1653 1622 1684 venturam

354 1702 674 1750 Atheniensibus,
701 1701 769 1755 qui
786 1700 873 1754 Pyli
893 1711 1017 1742 erant.
1044 1700 1093 1740 Et
1118 1700 1170 1739 ita
1195 1697 1298 1739 ιεᾶὶεε
1317 1698 1516 1751 interpres.
1539 1697 1624 1738 Nec

356 1770 457 1811 opus
476 1756 531 1797 est
550 1756 656 1796 aliud
679 1767 841 1796 acumen
858 1754 919 1795 hic
942 1754 1090 1809 quaeri.
1114 1752 1161 1792 In
1181 1751 1349 1793 Diodori
1369 1750 1396 1790 l.
1415 1751 1451 1790 d.
1476 1747 1624 1798 βοήθειαι

357 1824 440 1851 non
461 1810 562 1850 male
583 1810 748 1851 vertitur
768 1810 947 1849 exercitus.
971 1809 1072 1849 Nam
1094 1805 1146 1847 fic
1171 1818 1333 1860 quoque
1355 1804 1532 1846 dicuntur
1555 1817 1624 1846 co-

356 1866 466 1919 piae,
492 1878 592 1918 quae
615 1864 842 1912 mittuntur,
865 1876 964 1916 quae
983 1860 1223 1904 conveniunt
1244 1860 1287 1902 &
1314 1869 1553 1900 concurrunt
1576 1858 1625 1899 ad

357 1919 543 1960 auxilium
567 1918 790 1967 ferendum,
817 1917 857 1957 δι
877 1917 1016 1958 auxilia
1040 1915 1256 1955 multorum
1273 1911 1493 1953 coniunCta.
1517 1912 1627 1953 Thu-

357 1973 486 2027 cydid.
506 1971 583 2022 III,
610 1987 652 2022 4:
671 1968 881 2024 ’Ἐπροισ-σον
893 2001 906 2018 ,
927 1970 1030 2011 ὅπως
1049 1984 1111 2010 τις
1132 1966 1275 2014 βοήθειαι
1293 1963 1387 2019 ἷὸξει.
1404 1965 1498 2006 Ibid.
1529 1981 1544 2006 1
1557 1980 1623 2020 13:

358 2028 431 2067 Καὶ
450 2026 571 2082 ἔγνω,
592 2026 651 2066 ’ότι
677 2023 696 2068 ἦ
720 2024 798 2064 ἀπο
815 2023 881 2066 τῆς
906 2024 1052 2065 πόλεως
1075 2022 1223 2069 βοήθεια.
1249 2020 1480 2076 Φιέφθοιρτοιι.
1509 2020 1557 2060 Et
1582 2021 1625 2060 in

359 2094 437 2128 eo,
455 2080 562 2135 quod
582 2081 695 2124 etiam
717 2079 860 2119 Lexica
881 2078 1024 2119 habent
1035 2090 1059 2118 e
1075 2076 1244 2117 Platonis
1259 2073 1375 2129 Epist.
1396 2067 1626 2115 VII:‘sso·⁷s

357 2129 466 2184 αὑτῷ
486 2149 531 2174 τε
553 2133 717 2181 οἰκείοις,
735 2133 802 2173 κα.)
819 2129 1009 2173 ἀλλήλους
1029 2127 1122 2172 εἶναι
1147 2130 1253 2185 (τὰς
1271 2127 1338 2170 τοῖς
1358 2126 1536 2168 Σικελίας
1552 2127 1626 2166 πό-

358 2187 465 2242 λεις)
483 2190 576 2242 προς
593 2190 669 2228 τὰς
688 2185 764 2228 τῶν
784 2186 974 2241 βαρβάρων
989 2185 1183 2234 βοηθείας,
1196 2180 1375 2224 adversus
1391 2181 1472 2222 vim
1485 2211 1499 2228 ,
1515 2193 1626 2236 opes,

361 2242 496 2298 copias
521 2242 790 2283 harbarorum.
1700 2231 1722 2285 :552

424 2297 517 2351 Pag.
546 2310 606 2336 12.
629 2297 653 2336 l.
685 2309 719 2336 1.
739 2293 849 2335 Δυεῗν
877 2292 993 2348 νεοῒν)
1022 2291 1198 2346 Quidam
1222 2289 1309 2331 Mff.
1332 2287 1450 2329 ‹onfm
1473 2287 1539 2328 De
1567 2287 1627 2328 his

360 2351 473 2392 varie
492 2351 605 2391 tradit
622 2348 863 2390 Eustathius.¹
872 2348 976 2388 Nam
994 2348 1036 2388 in
1063 2346 1165 2387 iliad.
1188 2344 1237 2394 κ’,
1258 2358 1294 2399 p.
1321 2343 1399 2384 802
1412 2373 1426 2392 ,
1443 2355 1467 2383 e
1481 2342 1627 2383 Lexico

362 2405 562 2446 rhetorico
584 2402 736 2452 scribit,
762 2402 916 2444 Atticos
943 2400 1044 2442 δυοῖν
1069 2401 1110 2439 in
1140 2399 1316 2453 genitivo
1350 2398 1393 2438 &
1413 2396 1547 2436 dativo
1572 2396 1628 2435 di·
1692 2415 1713 2451 ':

363 2473 470 2502 cere:
489 2457 589 2500 svei‘v
605 2470 734 2501 rarum
748 2455 823 2498 effe
844 2455 946 2511 apud
959 2467 1132 2504 veteres,
1150 2452 1214 2494 sed
1231 2463 1360 2493 tamen
1377 2463 1428 2492 eo
1445 2450 1504 2492 uti
1517 2449 1628 2491 Thu·
