1728 3120
735 0 752 39 Ξ

334 169 431 231 '448
541 169 1412 221 ANNOTATIONES

333 255 558 299 sententiam
583 258 658 299 effe
685 270 823 315 putat,
855 259 943 300 τοὺς
968 262 1032 302 τὶν
1060 260 1246 315 Βρασίέοιν
1270 261 1441 315 ἄγοντας
1462 259 1608 304 &senen

334 311 506 360 ἔφασαν,
531 314 575 354 8(
603 315 840 368 πορευόμενον
861 315 995 355 Attice
1015 328 1087 369 pro
1106 315 1344 369 πορευομένου
1363 315 1531 369 positum
1553 317 1610 356 di·

334 368 408 414 cit,
433 367 470 407 id
493 367 637 407 nullam
659 369 848 408 rationem
875 369 1014 417 habet3
1035 382 1105 409 nec
1155 370 1335 432 uidguam
1357 369 1506 419 obstat,
1523 383 1609 424 quo

336 423 466 461 minus
494 434 541 461 ea
570 421 618 461 de
641 422 794 462 Brafida
818 423 1064 477 accipiantur.
1098 423 1125 462 ἐι
1155 438 1247 465 :new
1276 430 1448 473 ε’φοισου,
1468 436 1609 478 nempe
1658 423 1662 427 ’

335 471 479 522 αὗτον,
508 475 575 516 vel
598 477 661 515 τὶν
686 471 879 529 Βρασίδαν
901 476 1144 530 πορευόμενον.

390 530 527 623 eadwlf.
560 541 619 569 10.
641 529 690 582 Γῇ
711 529 766 582 μὴ
796 528 999 585 χρῆσθαι)
1024 530 1095 572 Gr.
1128 544 1333 586 perperam
1354 531 1484 585 ’γνώμῃ
1513 529 1612 586 χρῆ-

337 589 446 626 ozan.
531 594 616 622 ASS.

391 639 485 690 Pag.
514 651 530 676 1
542 637 603 676 18.
623 637 647 675 l.
673 652 708 678 2.
727 636 921 692 Ἐτέλεο-ε)
942 637 1069 682 Photii
1083 638 1176 680 Lex.
1195 637 1269 682 Ms.
1289 638 1467 680 ἐτέλεσεν.
1482 637 1613 678 IDEM.v

395 692 480 730 ibid.
503 689 728 744 'Amsavffi
758 691 995 745 Apollonius
1021 691 1149 733 Rhod.
1172 687 1282 733 ’Ἔνθα
1310 692 1377 744 μὲν
1406 691 1613 733 Ἀπιὲοινός

337 761 385 786 τε
402 746 563 797 μέγας,
589 745 656 783 καὶ
678 744 760 785 sibe
790 745 1127 798 Ἐνιπεὺς,”Αμφω
1152 747 1415 799 συμφορέονται
1441 745 1614 800 ἀπὸπρο·

337 804 405 839 θεν
430 799 481 838 εἰς
501 797 538 838 ἓν
560 797 684 839 ἰόντες.
707 800 814 840 Hinc
833 798 1042 841 secundum
1063 799 1248 854 quosdam
1269 799 1441 841 Arcades
1462 800 1614 853 Apido-

335 854 413 893 nei.
431 852 605 892 Priscian.
627 853 800 893 Arcades
813 853 1007 907 Apidonei
1017 854 1086 906 ficb
1102 853 1266 908 scopulis
1286 853 1529 906 Erymanthi.
1556 854 1614 893 le-

339 921 395 961 go
410 907 538 960 subter.
553 907 714 947 Nomen
732 908 845 948 fluvii
863 907 1175 962 antiquiffimum.
1195 909 1280 948 inde
1299 908 1402 962 apud
1421 907 1614 949 Ovidium

338 962 458 1002 senex
486 961 616 1007 audit,
643 961 752 1015 quafi
785 960 972 1016 ὧγίιγιοςε
999 961 1206 1002 herbosum
1230 972 1352 1003 vocat
1378 961 1616 1016 Propertius.

337 1014 534 1056 Describit
565 1015 701 1055 Livius
725 1016 868 1062 XLIV,
892 1015 929 1057 8.
954 1016 1059 1057 Vide
1084 1016 1249 1056 Vibium
1270 1029 1356 1070 pag.
1382 1016 1456 1063 16,
1474 1015 1618 1056 Cedre-

339 1083 436 1111 num
463 1083 549 1123 pag.
573 1083 677 1123 703,
703 1068 908 1123 Orpheum
930 1071 1016 1111 162.
1034 1071 1253 1122 Euripidem
1271 1069 1426 1110 secutus
1446 1069 1500 1110 est
1516 1069 1618 1110 Ovi-

341 1125 454 1172 d'1u83
486 1123 661 1163 Ὓὸέιτων
693 1123 802 1163 mer&
819 1140 846 1164 οι
876 1125 992 1165 Φοισὶν
1026 1124 1225 1164 ’Amsoevbv
1255 1123 1382 1164 Halia
1405 1123 1618 1172 λιπαίνειν,

341 1177 496 1220 Hecub.
517 1193 606 1232 453.
630 1176 762 1218 Valer.
816 1179 911 1219 lace.
934 1193 949 1217 1
967 1194 976 1219 ε
996 1178 1140 1232 Segnior
1157 1177 1327 1232 Apidani
1349 1178 1439 1218 vires
1465 1178 1524 1218 uhi
1535 1177 1617 1231 fin-

343 1235 388 1273 tit
409 1233 577 1286 Enipeus.
604 1234 752 1272 WAss.
961 1268 964 1270 ,

401 1289 476 1326 ead.
496 1287 519 1326 l.
545 1301 578 1340 3.
606 1286 768 1340 Φέωιιον)
792 1285 857 1326 De
881 1285 958 1327 hoc
980 1286 1192 1340 Polybius,
1215 1286 1442 1334 Diodorus,
1461 1285 1619 1337 Livius,

345 1341 392 1382 &
414 1339 773 1395 Appianus.ID13M.
801 1341 1146 1396 Add.1nterpretes
1172 1341 1354 1395 Stephani
1379 1342 1417 1381 h.
1439 1353 1480 1381 v.

401 1397 485 1434 ibid.
499 1396 556 1434 Ἐς
576 1394 792 1449 Περαιβίοιν)
817 1394 976 1436 Duplex
988 1406 1072 1435 erat
1084 1395 1322 1437 Perrhaebia.
1342 1395 1518 1448 Antiqua
1530 1394 1620 1448 qui-

343 1449 435 1490 dem
459 1449 507 1489 ad
534 1448 701 1489 Peneum
725 1448 768 1489 &
790 1437 972 1489 Larissam
1003 1448 1072 1489 fita
1101 1448 1173 1490 fuit
1189 1479 1204 1497 ‚
1225 1460 1267 1489 at
1293 1448 1499 1503 postquam
1529 1449 1619 1489 inde

345 1502 446 1558 pulsi
467 1502 668 1544 Perrhaebi
689 1502 736 1542 ad
755 1502 916 1543 Pindum
939 1514 1111 1544 montem
1138 1502 1342 1551 recessere,
1368 1503 1422 1543 ibi
1442 1501 1517 1544 fuit
1530 1502 1620 1543 Per-

345 1557 504 1601 rhaebia
517 1588 528 1604 ‚
536 1570 671 1619 prope
694 1556 933 1597 Athamanas
956 1557 998 1597 &
1016 1558 1210 1612 Dolopas.
1231 1557 1450 1598 Palmerius.
1474 1557 1615 1597 HUDS.

347 1611 570 1666 Περὀιβοις
594 1611 648 1651 est
670 1611 772 1665 apud
793 1610 988 1652 Aristotel.
1007 1625 1092 1666 pag.
1116 1612 1181 1662 46.
1201 1610 1441 1666 Πεῤῥιβοιίους
1462 1610 1620 1652 Isocrat-

326 1669 328 1671 ’
349 1667 401 1706 ad
423 1630 581 1720 Philipp.
601 1679 637 1719 p.
668 1666 753 1706 126.
777 1666 925 1706 WASS.
1453 1667 1459 1674 '

405 1722 480 1760 ead.
504 1720 528 1759 l.
551 1721 587 1759 6.
613 1719 726 1773 Δῖον)
746 1717 832 1760 Εῑῦ
857 1720 951 1760 Δίων
974 1719 1103 1761 Schol.
1123 1719 1286 1761 Homer.
1309 1717 1356 1760 ad
1378 1718 1484 1759 Iliad.
1508 1718 1558 1768 β’,
1575 1733 1620 1760 v.

356 1775 454 1829 538:
472 1773 552 1812 emb
577 1775 670 1813 Δίου
691 1772 759 1812 τοῦ
786 1774 983 1827 Πανδώρου
1011 1773 1079 1814 τοῦ
1106 1773 1312 1828 Ἐρεχθέως.
1335 1773 1425 1814 Vid.
1450 1772 1627 1815 Eustath.

352 1831 404 1869 ad
425 1828 470 1868 Il.
498 1827 546 1876 β’,
576 1827 661 1882 538.
686 1827 841 1868 Gentile
866 1827 988 1868 Διεὺς.
1018 1827 1177 1868 Dienses
1201 1828 1317 1868 etiam
1338 1816 1516 1868 Διαστὲίς
1542 1839 1627 1872 vo-.

351 1882 452 1924 caffe
476 1881 696 1922 Pausaniam
711 1913 723 1931 ‚
748 1882 800 1921 ait
827 1881 1054 1936 Stephanus.
1077 1882 1249 1922 Duravit
1270 1880 1391 1935 usque
1421 1881 1468 1921 ad
1486 1881 1624 1922 Anto-

354 1938 439 1977 nini
463 1937 518 1976 Pii
544 1947 746 1990 tempora,
767 1945 812 1976 ut
841 1949 892 1976 ex
914 1949 1038 1976 numo
1064 1938 1149 1976 eius
1170 1945 1286 1990 patet.
1317 1933 1527 1975 Historiam
1547 1947 1626 1974 tra-

354 1992 454 2032 dunt
476 1990 663 2043 Polybius
681 1990 757 2036 IV,
787 1990 837 2030 62
857 2019 868 2038 ,
891 1989 1048 2031 Arrian.
1076 1990 1119 2038 1,
1147 2005 1225 2040 47,
1250 1989 1386 2030 Livius
1414 1988 1560 2036 XLIV,
1586 2002 1629 2040 7.

358 2044 435 2086 Ms.
458 2045 671 2085 Ptolemaei
699 2043 860 2085 Coislin.
889 2044 975 2085 Δῖον
1005 2044 1185 2085 mmmm
1206 2045 1248 2084 in
1274 2055 1393 2097 marg.
1419 2039 1439 2085 ἦ
1466 2047 1628 2086 [brawa

356 2101 621 2193 ‘auggg-Alis·
640 2151 896 2207 Xamesmiw)
911 2151 1033 2207 Supra
1052 2151 1176 2192 sinum
1192 2151 1482 2193 Toronaicum:
1501 2163 1628 2199 nunc,

358 2208 488 2262 inquit
510 2207 739 2248 Herodotus
770 2205 873 2253 VII,
904 2221 976 2246 122
992 2238 1004 2255 ,
1025 2207 1203 2248 Σιθωνίην.
1238 2205 1326 2245 Vid.
1363 2204 1520 2245 Aristot.
1542 2204 1627 2244 Po}.

322 2272 324 2277 ·
364 2263 465 2309 166,
494 2275 593 2311 140,
617 2261 932 2303 Cantacuzenum
954 2262 1043 2311 267.
1066 2261 1118 2300 ibi
1138 2258 1273 2300 Gloss'a
1292 2271 1412 2312 marg.
1434 2258 1453 2297 ὃ
1475 2257 1532 2299 νῦν
1554 2273 1628 2298 κοι-

363 2315 490 2356 nrm
504 2316 662 2369 Βὸλερον.
683 2314 791 2355 Idem
809 2314 956 2369 saepius
979 2312 1221 2355 Xoemnsmn'v‘s
1236 2313 1414 2362 exhibet,
1436 2311 1499 2352 sed
1519 2325 1630 2353 men-

364 2369 470 2412 dose.
498 2371 647 2410 WAss.

424 2425 515 2478 Pag.
537 2438 624 2477 119.
648 2423 673 2463 l.
702 2437 734 2463 1.
762 2421 1052 2477 ΠΛηο-ιόχωροι)
1075 2421 1252 2462 Thomas
1275 2419 1425 2474 Magist.
1447 2419 1631 2475 πρόσχω-

365 2493 425 2532 ρος
447 2479 564 2534 Λέγε,
587 2475 626 2521 οὐ
644 2477 921 2534 πλησιόχωρος.
939 2477 1063 2532 Atqui
1081 2475 1133 2518 fic
1149 2474 1278 2519 rursus
1301 2474 1552 2529 Thucydides
1570 2477 1632 2522 in:
